3717 5642
519 357 820 430 XXVIII
883 358 1017 424 (XL
1041 357 1220 425 xm·
1317 373 1324 380 ·
1595 377 1979 428 rann-no
2022 381 2377 432 sucroms.

521 554 860 633 postquam
905 569 1018 614 eas
1063 546 1378 634 exposuit,
1421 547 1516 614 ita
1557 546 1844 616 disserit:
1904 539 2263 616 ‘Hactenus
2308 551 2388 618 de
2434 549 2949 618 adnotationibus
2990 550 3060 616 in
3102 549 3227 616 hoc
3252 571 3445 618 vene·

519 657 718 723 raudo
774 657 856 723 ob
897 667 1276 724 vetustatem
1335 657 1556 724 codice
1612 659 1693 724 ab
1739 658 2100 726 hominibus
2144 659 2777 728 Cambro-Britannis
2822 662 3129 742 exaratis,
3182 683 3449 747 quarum

519 767 752 852 prima,
800 768 877 834 ab
925 766 1158 834 Gelhio
1176 818 1193 849 ,
1253 768 1364 854 qui
1407 768 1582 834 illum
1627 767 2065 837 Llandavensi
2108 771 2422 838 ecclesiae
2466 770 2738 854 dederit,
2796 771 3017 838 eadem
3068 771 3202 836 fere
3258 783 3447 836 manu

521 877 835 960 scribitur,
877 878 1145 964 perinde
1187 901 1268 945 ac
1297 878 1502 945 codex
1542 878 1935 945 Bodleianus
1966 879 2109 945 NE.
2152 881 2235 945 D.
2283 883 2342 946 2.
2379 883 2475 962 19,
2518 881 2793 968 ideoque
2836 905 2975 948 eam
3014 881 3262 947 ineunti
3304 903 3447 946 sae-

521 988 664 1054 culo
709 1010 880 1054 nono
923 987 1408 1056 adiudicandam
1451 979 1724 1056 censeo.'
1835 989 1943 1054 Ex
1981 988 2105 1055 hoc
2160 990 2399 1056 celebri
2454 991 2675 1059 codice
2711 991 3149 1058 Lichfeldensi
3205 999 3449 1077 septem

521 1099 962 1166 adnotationes
1003 1099 1230 1165 iterum
1271 1099 1447 1184 typis
1489 1099 1838 1186 impressas
1884 1098 2069 1166 offert
2092 1101 2441 1187 Appendix
2485 1102 2786 1168 editionis
2828 1102 2978 1170 libri
3002 1099 3449 1168 Landavensis

524 1213 616 1297 (p.
651 1209 831 1293 271),
879 1209 984 1275 cui
1027 1208 1244 1275 addita
1285 1219 1388 1274 est
1431 1209 1700 1296 insuper
1739 1210 2011 1276 imitatio
2056 1211 2409 1297 scripturae
2454 1212 2719 1279 duarum
2762 1214 3049 1300 priorum
3092 1221 3157 1278 et
3184 1211 3449 1278 duarum

534 1329 998 1407 postremarum
1038 1319 1534 1386 adnotationum.
1620 1318 1806 1386 Duae
1849 1329 2209 1408 postremae
2250 1320 2475 1388 rudem
2518 1324 2833 1409 quandam
2870 1329 3257 1390 vetustatem
3298 1343 3453 1408 prae

525 1453 597 1498 se
636 1431 949 1512 ferentes,
983 1410 1309 1517 ’agrorum
1362 1430 1526 1495 fines
1574 1430 2011 1497 describentes
2068 1440 2131 1496 et
2185 1454 2393 1521 paene
2434 1455 2609 1500 mere
2652 1433 3037 1513 cambrione,
3097 1430 3451 1498 secundum

525 1563 666 1608 eam
707 1541 1124 1608 imitationem
1167 1541 1284 1606 sub
1327 1561 1547 1626 praep.
1593 1541 1665 1605 di
1704 1564 1742 1606 a
1781 1563 1883 1608 me
1926 1543 2214 1628 integrae
2258 1544 2591 1628 expositae
2634 1551 2784 1609 sunt
2826 1544 2921 1630 (p.
2950 1541 3129 1626 662).

693 1654 754 1718 4.
811 1650 1066 1717 Folium
1105 1649 1689 1735 Luxemburgense.
1783 1652 1865 1718 In
1908 1652 2295 1720 bibliotheca
2346 1653 2628 1720 civitatis
2666 1651 3251 1739 Luxemburgensis
3305 1649 3452 1718 Mo-

523 1762 671 1830 nius
713 1762 796 1828 -in
837 1761 1122 1848 tegmine
1163 1760 1408 1826 codicis
1454 1760 1723 1828 alicuius
1777 1763 2027 1830 invenit
2066 1763 2527 1848 adglutinatam
2565 1763 2787 1829 folium
2830 1761 3071 1830 saeculi
3111 1761 3267 1829 noni
3308 1782 3453 1826 cum

526 1872 795 1961 glossis,
855 1893 1016 1957 quas
1061 1870 1404 1958 descripsit
1457 1882 1522 1936 et
1562 1871 1915 1959 publicavit
1967 1874 2067 1959 (in
2108 1897 2214 1960 pp.
2262 1876 2299 1937 7
2304 1875 2362 1938 6.
2408 1875 2489 1939 77
2543 1872 2692 1940 libri
2734 1873 2835 1939 sui
2892 1873 3213 1960 inscripti:
3298 1862 3453 1938 ‘Die

528 1982 842 2071 gallische
884 1979 1186 2069 Sprache.
1229 1980 1584 2048 Karlsruhe
1633 1975 1867 2068 1851').
1977 1982 2143 2051 Sunt
2180 1983 2303 2050 hae
2345 1983 2600 2070 glossae
2640 2005 2764 2049 nec
2804 1982 3096 2068 belgicae
3126 2004 3259 2049 nec
3286 1982 3456 2048 alius

525 2093 792 2180 originis
838 2091 1190 2176 (cambrica
1227 2092 1436 2178 figura
1475 2115 1511 2156 υ
1555 2115 1671 2179 pro
1714 2118 1777 2176 u,
1824 2116 2011 2180 quam
2052 2093 2314 2161 Monius
2360 2095 2669 2180 postulat,
2716 2093 2775 2160 si
2818 2101 3037 2160 essent
3076 2077 3454 2174 cambri'cae,

523 2213 626 2272 est
667 2201 862 2268 multo
904 2201 1280 2268 recentioris
1319 2203 1548 2269 aetatis
1561 2253 1578 2285 ‚
1621 2225 1686 2288 p.
1719 2203 1864 2287 91),
1925 2203 2039 2270 sed
2096 2205 2491 2271 britannicae
2545 2211 2609 2270 et
2660 2203 3025 2290 specialiter
3080 2201 3457 2282 oambricae,

525 2324 596 2382 ut
634 2338 766 2381 non
810 2313 1014 2381 solum
1056 2311 1248 2399 plena
1289 2313 1707 2399 congruentia
1736 2336 2044 2380 sonorum
2087 2323 2152 2380 et
2176 2315 2517 2381 formarum
2558 2315 2627 2378 in
2656 2313 2821 2400 ipsis
2864 2324 2929 2380 et
2967 2312 3039 2378 in
3068 2310 3460 2378 Oxoniensi-

521 2428 663 2506 bus,
707 2425 822 2492 sed
867 2423 1060 2490 etiam
1102 2423 1362 2510 propria
1406 2423 1529 2490 soli
1573 2424 1848 2491 dialecto
1892 2425 2253 2492 cambricae
2298 2425 2657 2492 terminatio
2706 2427 2854 2490 -ctic
2904 2422 3229 2512 participii
3272 2443 3459 2509 prae-

523 2535 696 2604 teriti
736 2534 984 2624 passivi
1029 2533 1122 2620 (p.
1157 2534 1334 2619 532),
1381 2535 1574 2602 obvia
1615 2535 1686 2600 in
1727 2534 1997 2602 vocibus
2040 2535 2457 2618 hantertoetic,
2503 2537 2811 2600 doda-etio
2848 2535 3039 2602 huius
3080 2533 3239 2614 folii,
3282 2553 3459 2600 com-

527 2647 774 2737 probat.

703 2753 1110 2823 Oxonienses
1165 2755 1420 2840 glossas
1463 2778 1683 2822 omnes
1727 2779 1856 2822 una
1898 2777 2041 2821 cum
2083 2755 2185 2822 his
2228 2753 2903 2840 Luxemburgensibus
2956 2776 3103 2820 cum
3143 2773 3465 2819 commen-

527 2867 690 2933 tario
733 2867 803 2932 in
847 2866 1206 2952 appendice
1248 2865 1436 2932 huius
1479 2867 1694 2952 operis
1739 2866 2060 2932 subiunxi.
2147 2863 2315 2933 Sunt
2354 2865 2529 2931 enim
2568 2864 2729 2931 haec
2762 2873 3169 2930 monumenta
3208 2871 3467 2928 vetusta

527 2978 833 3065 genuina,
899 2983 1154 3042 servata
1204 2975 1276 3039 in
1317 2975 1648 3042 codicibus
1707 2977 2079 3064 aequalibus
2132 2975 2467 3042 vetustiori
2530 2976 2723 3041 aetati
2772 2975 3031 3061 linguae
3080 2974 3460 3043 cambricae.

526 3088 775 3154 Harum
825 3087 882 3152 si
934 3095 1115 3151 tanta
1167 3085 1356 3172 copia
1410 3093 1654 3152 extaret
1670 3136 1687 3168 ,
1759 3094 1999 3172 quanta
2060 3094 2235 3151 extat
2290 3085 2759 3152 hibernicarum
2812 3083 3169 3170 glossarum
3182 3135 3199 3167 ,
3270 3085 3463 3152 facile

528 3197 666 3264 fieri
717 3205 944 3284 posset
990 3205 1278 3263 veterum
1333 3195 1680 3261 carminum
1735 3196 2191 3263 cambricorum
2244 3195 2565 3262 restitutio
2616 3196 2685 3260 in
2728 3194 3114 3282 primitivam
3155 3217 3343 3261 suam
3396 3205 3467 3263 et

529 3307 870 3394 genuinam
931 3305 1212 3372 formam.
1309 3305 1706 3393 Magnopere
1763 3307 1961 3392 igitur
2015 3307 2363 3394 optandum
2414 3316 2543 3388 est,
2610 3317 2683 3370 ut
2732 3305 2854 3370 viri
2908 3305 3081 3372 docti
3148 3305 3465 3372 eiusmodi

529 3418 800 3504 glossas,
847 3437 1010 3503 quae
1052 3415 1124 3480 in
1163 3415 1496 3482 codicibus
1541 3416 2068 3483 bibliothecarum
2109 3427 2317 3482 terrae
2358 3414 2746 3482 continentis
2787 3415 2891 3482 vel
2938 3414 3290 3482 insularum
3331 3417 3467 3483 bri-

531 3529 928 3594 tannicarum
955 3528 1198 3594 lateant
1223 3525 1613 3612 incognitae,
1665 3526 2035 3613 diligentius
2063 3527 2453 3613 investigent
2480 3534 2561 3608 et,
2595 3526 2652 3592 si
2680 3525 3063 3609 invenerint,
3107 3526 3469 3611 publicent.

700 3637 888 3719 Quae
947 3645 1248 3704 secuntur
1263 3687 1280 3720 ‚
1337 3637 1582 3722 partim-
1609 3636 1869 3724 quidem
1896 3638 2217 3726 pertinent
2260 3637 2341 3704 ad
2370 3636 2637 3702 eandem
2677 3645 2963 3718 aetatem,
3010 3658 3051 3702 a
3090 3637 3471 3703 recentiori-

527 3751 648 3816 bus
707 3757 922 3815 tamen
980 3747 1398 3833 scriptoribus
1455 3756 1696 3813 mutata
1753 3757 1818 3814 et
1868 3747 2256 3834 transcripta
2310 3757 2460 3813 sunt
2520 3747 2592 3811 in
2658 3745 2923 3812 formam
2988 3746 3248 3832 linguae
3308 3769 3471 3816 suae

528 3859 776 3926 aetatis.
861 3855 1110 3924 Horum
1149 3857 1358 3944 primo
1401 3858 1544 3925 loco
1588 3859 1922 3944 ponendus
1966 3867 2067 3924 est
2108 3857 2271 3924 liber
2298 3855 2764 3939 Laudavensis‚
2810 3855 2961 3922 dein
3000 3856 3215 3943 legum
3256 3856 3473 3923 codex

529 3969 856 4036 vetustior.

698 4083 759 4146 5.
827 4077 1026 4146 Liber
1066 4077 1534 4146 Laudavensis.
1607 4077 1816 4145 Multa
1857 4088 2113 4146 vetusta
2154 4087 2373 4146 servat
2412 4079 2681 4159 intacta,
2750 4099 2897 4144 cum
2936 4075 3009 4142 in
3050 4077 3197 4144 aliis
3236 4099 3473 4146 manns

529 4212 850 4256 renovans
893 4188 1419 4276 deprehendatur.
1519 4187 1808 4275 Scriptor
1861 4189 2031 4256 enim
2046 4240 2063 4272 ,
2120 4191 2229 4276 qui
2286 4189 2643 4275 composuit
2695 4187 2927 4253 librum
2984 4187 3241 4254 saeculo
3308 4187 3474 4254 duo-

531 4301 780 4368 decimo
825 4298 1085 4366 ineunte
1127 4321 1334 4386 usque
1377 4300 1460 4365 ad
1503 4324 1560 4366 a.
1607 4300 1801 4382 1132,
1845 4300 2061 4366 hausit
2102 4323 2139 4366 e
2182 4298 2406 4365 codice
2448 4299 2831 4381 vetustiore,
2880 4307 3073 4384 atque
3118 4319 3197 4364 ex
3240 4297 3475 4364 eodem

533 4412 640 4478 vel
684 4409 877 4476 etiam
921 4433 958 4476 e
987 4409 1299 4476 tabulario
1347 4411 1660 4477 ecclesiae
1685 4409 2135 4477 Laudavensis
2176 4409 2480 4497 plurimas
2521 4408 2743 4474 finium
2788 4407 3253 4494 descriptiones
3296 4429 3477 4474 cam-

535 4522 709 4589 brice
755 4520 1028 4606 scriptas
1071 4521 1348 4607 itemque
1395 4519 1743 4606 privilegia
1785 4521 2199 4608 episcopatus
2252 4520 2567 4586 cambrice
2621 4519 2975 4606 composita
3028 4518 3158 4602 (ed.
3204 4539 3267 4604 p.
3314 4521 3475 4606 113)

534 4631 735 4698 offert.
821 4629 1086 4696 Praeter
1141 4631 1299 4697 haec
1353 4632 1501 4718 ipsa
1562 4631 1819 4717 linguae
1861 4641 2263 4696 monumenta
2317 4631 2481 4697 liber
2532 4637 2737 4695 scatet
2776 4627 3143 4695 nominibus
3188 4629 3475 4715 propriis

535 4740 874 4809 cambricis
915 4742 1290 4828 praesertim
1331 4741 1610 4806 virorum
1659 4750 1723 4807 et
1749 4741 2051 4823 locorum,
2098 4763 2260 4827 quae
2308 4748 2645 4808 occurrunt
2682 4740 2754 4806 in
2784 4739 3024 4807 chartis
3066 4738 3354 4806 collectis
3398 4741 3477 4808 in

535 4849 760 4917 codice
801 4873 840 4916 a
879 4853 1270 4938 temporibus
1313 4851 1658 4938 primorum
1703 4851 2017 4917 ecclesiae
2063 4852 2523 4938 episcoporum,
2569 4849 2883 4932 Dubricii,
2930 4848 3198 4931 Teliavi‚
3243 4847 3475 4916 Oudo-

537 4961 666 5043 cei,
712 4960 795 5027 ab
835 4961 1019 5028 initio
1063 4961 1306 5029 saeculi
1351 4962 1514 5027 sexti
1561 4983 1764 5048 usque
1807 4961 1891 5027 ad
1932 4970 2183 5048 tempus
2229 4983 2355 5046 quo
2402 4961 2678 5046 scriptus
2724 4969 2841 5026 est.
2940 4957 3173 5026 Editus
3216 4969 3321 5025 est
3360 4959 3479 5028 hic

535 5071 698 5138 liber
739 5092 894 5138 cura
923 5071 1250 5139 societatis
1293 5071 1867 5158 manuscriptorum
1911 5071 2285 5153 cambricae,
2331 5093 2460 5137 non
2506 5093 2542 5137 e
2573 5070 2795 5136 codice
2838 5069 3079 5136 saeculi
3110 5068 3481 5137 duodecimi

531 5181 682 5268 ipso
735 5179 988 5267 quidem
1001 5231 1020 5266 ,
1077 5182 1188 5270 qui
1230 5181 1492 5250 evanuit
1543 5181 1899 5250 recentiore
1952 5189 2163 5249 aetate
2177 5232 2196 5265 ,
2262 5181 2378 5248 sed
2436 5203 2517 5248 ex
2556 5179 2959 5268 apographis·
2998 5178 3247 5247 duobus
3260 5227 3279 5262 ,
3336 5202 3481 5248 uno
