3717 5642
866 422 979 489 VI.
1024 425 1087 489 2.
1158 438 1635 489 consa-suono
1676 438 1970 487 roanos
2011 434 2399 485 mss-amm.
2639 418 2780 481 (8²1·
2805 417 2928 479 θ’)
2985 416 3113 481 945

742 612 753 681 Ι
792 608 1023 671 Doctus
1058 611 1119 670 in
1164 618 1173 685 Ι
1214 608 1315 669 dei
1352 608 1595 687 legibus,
1637 612 1667 687 ΙΙ
1717 612 1728 680 Ι
1768 608 1992 669 divinis
2033 612 2042 681 Ι
2083 604 2458 677 dictionibus,

748 711 757 779 Ι
798 704 1037 765 Ditatus
1074 704 1289 765 sanctis
1328 704 1537 781 opibus
1578 700 1605 771 ΙΙ
1650 708 1659 775 Ι
1702 704 1817 765 deo
1854 720 2086 780 semper
2122 700 2504 779 placentibus,

746 802 753 870 Ι
797 798 1120 859 Dedicatus
1156 799 1219 859 in
1260 797 1513 859 moribus
1558 798 1585 869 ΙΙ
1631 806 1643 875 Ι
1688 798 1785 857 dei
1824 796 2155 876 Stephanus
2191 795 2374 873 agius,

746 902 753 969 Ι
796 892 1057 953 Docebat
1096 894 1181 953 sic
1218 900 1279 955 et
1315 900 1533 953 ceteros
1578 896 1605 971 ΙΙ
1650 898 1658 967 Ι
1702 892 1861 953 dicta
1903 900 1911 971 Ι
1954 891 2126 951 docta
2161 890 2450 969 operibus.

356 1002 797 1073 Columbanus
812 1056 829 1087 ‚
898 1004 1231 1073 Hibernas
1298 1004 1681 1085 monachus,
1746 1004 1859 1091 qui
1919 1003 2376 1070 monasterium
2449 1000 2776 1069 Bobiense
2838 998 3128 1067 condidit

183 1106 383 1191 (obiit
424 1130 481 1172 a.
528 1104 704 1189 614),
750 1105 919 1172 idem
964 1117 1100 1173 arte
1140 1106 1395 1195 poetica
1434 1106 1661 1172 floruit.
1746 1104 1914 1173 Eius
1966 1128 2130 1193 qnae
2185 1114 2408 1171 extant
2447 1104 2848 1170 monosticha
2902 1101 3126 1189 paucis

188 1210 487 1297 exceptis
550 1218 804 1297 praeter
868 1208 1134 1275 formam
1185 1206 1537 1275 hexametri
1592 1207 1773 1273 latini
1840 1206 2328 1275 consonantiam
2387 1206 2784 1273 hibernicam
2847 1228 3001 1293 prae
3055 1226 3128 1269 se

183 1312 427 1377 ferunt.
533 1307 785 1397 Colligo
842 1332 922 1375 ex
978 1311 1075 1377 eis
1116 1311 1325 1397 magis
1367 1310 1565 1396 digna
1619 1332 1783 1395 qnae
1840 1310 2242 1395 proferantur
2283 1309 2636 1377 secundum
2677 1308 3020 1375 editionem
3062 1306 3129 1369 in

184 1414 527 1483 Gallandii
570 1412 735 1479 Bibl.
782 1422 941 1501 patr.
986 1411 1121 1497 (12,
1167 1412 1291 1479 355
1314 1412 1493 1497 ‘sq.):

650 1515 1068 1592 11.011'mibue
1110 1535 1201 1589 est
1230 1530 1242 1607 Ι
1274 1530 1479 1589 mundi
1512 1530 1525 1609 Ι
1556 1530 1761 1589 melior
1798 1529 2092 1608 sapientia
2127 1535 2301 1609 gazis.

648 1626 736 1688 16.
790 1627 803 1703 Ι
836 1624 1027 1685 Morbo·
1064 1642 1237 1683 causa
1268 1624 1279 1702 Ι
1310 1623 1452 1683 mali
1488 1624 1671 1683 nimia
1708 1631 1799 1683 est
1836 1642 2218 1701 quaecunque
2256 1624 2536 1703 voluptas.

642 1719 736 1782 26.
778 1719 1035 1779 Octonas
1073 1718 1310 1777 studeas
1346 1720 1357 1795 Ι
1392 1718 1664 1778 vitiorum
1698 1719 1709 1795 Ι
1734 1720 1966 1779 vincere
2007 1727 2248 1783 turmas.

644 1816 737 1878 28.
792 1815 803 1891 Ι
836 1814 1069 1891 Lingua
1105 1831 1235 1873 suos
1272 1813 1487 1873 habeat
1522 1812 1713 1875 frenos
1750 1814 1813 1873 in
1853 1816 2030 1877 corde
2063 1816 2075 1893 Ι
2107 1816 2331 1893 ligatos.

646 1909 737 1971 52.
758 1910 966 1969 Inclita
996 1908 1009 1987 Ι
1041 1913 1381 1987 perpetuam
1412 1908 1425 1984 Ι
1457 1914 1717 1984 praestat
1750 1914 1759 1984 Ι
1792 1910 2080 1987 patientia
2117 1911 2314 1971 vitam.

650 2006 741 2065 54.
764 2004 1043 2083 Egregios
1084 2002 1261 2063 faciet
1290 2003 1303 2081 Ι
1334 2006 1544 2065 mentis
1582 2004 1910 2063 constantia
1943 2006 1954 2083 Ι
1987 2024 2188 2065 moros.

650 2098 741 2161 88.
782 2098 951 2172 Quod
991 2098 1097 2157 tibi
1138 2117 1253 2157 non
1288 2096 1299 2175 Ι
1332 2103 1498 2175 optas
1530 2096 1541 2177 1
1575 2096 1677 2157 alii
1714 2116 1789 2157 ne
1826 2098 2032 2159 feceris
2066 2101 2078 2177 Ι
2111 2098 2231 2160 uni.

616 2196 743 2257 100.
797 2195 809 2271 Ι
840 2194 1019 2253 Disce
1057 2192 1163 2252 sed
1200 2210 1237 2251 a
1269 2191 1280 2270 Ι
1314 2192 1512 2269 doctis,
1548 2190 1559 2269 Ι
1593 2192 1853 2253 indoctos
1889 2193 1900 2269 Ι
1933 2194 2060 2271 ipse
2095 2202 2104 2265 Ι
2137 2194 2359 2255 doceto.

616 2286 743 2348 102.
798 2290 807 2361 Ι
844 2286 1046 2349 Sermo
1086 2285 1259 2345 datur
1295 2285 1517 2360 multis,
1559 2287 1741 2345 animi
1774 2286 1785 2365 Ι
1820 2287 2109 2365 sapientia.
2145 2293 2356 2365 paucis.

620 2381 744 2441 127.
797 2384 809 2460 Ι
841 2380 965 2441 Pax
998 2382 1008 2457 Ι
1041 2398 1248 2458 precor
1285 2382 1437 2440 alma
1469 2380 1480 2459 Ι
1513 2388 1615 2441 tuo
1648 2380 1659 2458 Ι
1692 2380 1920 2459 placeat
1951 2382 1962 2457 Ι
1995 2383 2106 2441 tibi
2145 2400 2373 2461 semper
2407 2382 2470 2440 in
2510 2400 2627 2440 ore.

620 2476 747 2539 138.
802 2478 813 2553 Ι
846 2474 981 2535 Una
1018 2474 1139 2535 dies
1175 2476 1367 2552 quales
1406 2476 1623 2535 fuerint
1654 2478 1665 2549 Ι
1699 2474 1954 2535 ostendit
1985 2476 1996 2555 Ι
2029 2476 2261 2537 amicos.

622 2572 749 2633 159.
790 2570 964 2633 Alma
994 2571 1007 2645 Ι
1038 2570 1163 2629 diss
1199 2578 1429 2631 noctem
1468 2572 1748 2647 sequitur,
1792 2572 1878 2629 sic
1910 2568 1920 2648 Ι
1953 2570 2108 2629 dona
2144 2570 2375 2631 labores.

624 2665 749 2723 165.
790 2662 905 2737 Qui
940 2664 951 2743 Ι
983 2664 1213 2723 modica
1253 2668 1469 2742 spernit
1502 2664 1513 2743 Ι
1546 2666 1751 2725 minuit
1782 2668 1794 2739 1
1828 2665 2049 2723 maiora
2085 2682 2191 2743 per
2227 2664 2415 2725 horas.

624 2760 747 2819 170.
802 2758 815 2835 Ι
851 2756 961 2818 Cui
1000 2764 1226 2818 secreta
1262 2758 1503 2835 quidem
1536 2758 1545 2838 Ι
1580 2758 1783 2823 credas
1816 2760 1827 2835 Ι
1860 2760 2188 2819 cautissime
2220 2760 2234 2836 Ι
2265 2758 2492 2819 cerne-‘³

386 2870 663 2959 Spirans
704 2870 745 2933 Ιι
789 2892 917 2936 ιιοιι
964 2878 1065 2936 est
1108 2892 1435 2937 consonae
1476 2871 1637 2952 loco,
1686 2871 1802 2939 sed
1842 2872 2055 2937 vocali
2099 2871 2384 2959 aequalis
2427 2870 2724 2937 habetur:

620 2990 749 3049 160.
791 2988 1083 3065 Tempora
1122 2990 1265 3050 dum
1306 2990 1551 3060 variant,
1592 2988 1601 3069 Ι
1635 2990 1859 3050 animus
1899 2990 1977 3049 sit
2015 3009 2245 3070 semper
2277 2990 2288 3067 Ι
2321 2990 2612 3050 honestus.

628 3083 755 3142 179.
814 3084 825 3161 Ι
860 3082 1085 3142 Aurum
1122 3082 1355 3143 flamma
1392 3084 1616 3163 probat,
1652 3084 1663 3161 Ι
1696 3084 1952 3147 hominos
1992 3088 2238 3149 tentatio
2274 3088 2470 3145 iustos.

398 3196 593 3263 quta
632 3204 957 3261 externam
998 3204 1329 3281 utramque
1374 3198 1855 3263 consonantiam
1901 3198 2152 3265 additur
2191 3199 2469 3266 interna:

664 3316 758 3375 49.
800 3313 1063 3373 Plurima
1100 3314 1340 3375 discenti
1370 3314 1381 3389 Ι
1416 3334 1633 3393 semper
1664 3316 1675 3391 Ι
1708 3316 1982 3393 sapientia
2015 3318 2236 3379 crescit,

669 3410 761 3468 59.
802 3409 1051 3468 'ramum
1082 3410 1093 3485 Ι
1126 3411 1307 3470 verba
1336 3411 1349 3487 Ι
1382 3410 1569 3469 valent
1600 3409 1611 3487 Ι
1642 3420 1916 3488 quantum
1951 3428 2110 3469 mens
2147 3413 2346 3471 sentiat
2382 3412 2500 3471 illa.

668 3504 760 3561 61.
802 3502 936 3562 Non
975 3504 1089 3563 erit
1120 3504 1131 3581 Ι
1164 3505 1401 3583 antiquo
1441 3522 1622 3564 novus
1654 3504 1665 3582 Ι
1698 3504 2096 3566 &deferendus
2129 3506 2140 3583 Ι
2172 3506 2402 3567 amicus.

671 3596 763 3658 73.
803 3597 991 3657 Vitam
1030 3598 1249 3677 quippe
1282 3599 1295 3676 Ι
1332 3610 1483 3657 tuam
1515 3597 1526 3677 Ι
1558 3609 1675 3658 tota
1710 3598 1912 3659 virtute
1945 3598 1956 3675 Ι
1991 3610 2163 3660 were.

638 3690 763 3750 137.
806 3690 899 3753 Sit
930 3692 941 3768 Ι
974 3693 1083 3753 tibi
1124 3712 1265 3753 eura
1296 3698 1307 3765 ι
1340 3704 1471 3753 tuae
1502 3692 1515 3770 Ι
1550 3704 1664 3753 tota
1702 3694 1908 3753 virtute
1947 3694 2163 3753 salutis.

390 3820 935 3889 Allittsrationem
988 3820 1059 3886 in
1100 3820 1231 3901 his,
1294 3820 1463 3889 sicut
1502 3820 1571 3889 in
1612 3821 1962 3889 hibernicis
2007 3820 2348 3908 exemplis,
2393 3844 2716 3889 consonae
2771 3820 3162 3908 principales

206 3926 465 3993 radicis
508 3921 799 3990 efficiunt
838 3932 991 4008 post
1031 3922 1381 4009 particulas
1425 3923 1497 3989 in
1543 3923 1951 4010 compositis:

642 4038 769 4099 128.
824 4038 835 4118 Ι
870 4038 1113 4118 Semper
1150 4040 1215 4099 in
1253 4060 1357 4101 ore
1390 4046 1493 4101 tuo
1530 4048 1823 4121 relsonent
1861 4044 2014 4103 bona
2048 4043 2228 4103 verbs
2258 4042 2268 4121 Ι
2301 4040 2524 4101 salutis.

642 4134 768 4193 154.
810 4132 1085 4211 Corporis
1126 4134 1409 4193 auxilium
1442 4134 1453 4211 Ι
1487 4134 1716 4195 medico
1756 4138 2047 4217 perlmitte
2083 4136 2262 4197 fideli.

644 4230 769 4289 174.
812 4227 1157 4308 Obflservat'l
1193 4228 1425 4306 sapiens
1457 4229 1469 4307 Ι
1504 4229 1618 4289 sibi
1657 4236 1890 4308 tempus
1927 4233 1988 4290 in
2029 4250 2128 4291 ors
2167 4229 2458 4307 loquendi,

648 4324 771 4385 175.
812 4310 1121 4407 ΙιὶΙείρίοιιε
1158 4322 1415 4399 loquitur
1446 4324 1457 4401 Ι
1491 4330 1743 4402 spretum
1776 4324 1787 4403 Ι
1821 4326 1948 4385 sine
1986 4330 2246 4402 tempore
2285 4325 2534 4383 verbum.

412 4451 495 4518 In
540 4452 837 4518 omnibus
881 4450 984 4517 his
1030 4451 1457 4517 consonantia
1495 4452 1709 4518 finalis
1754 4462 1855 4516 est
1897 4452 2360 4538 monosyllaba,
2403 4453 2603 4518 rarior
2645 4451 2986 4538 bisyllaba:

692 4571 783 4629 36.
826 4568 960 4629 Non
994 4570 1004 4645 Ι
1036 4569 1237 4646 opibus
1279 4570 1431 4629 bona
1466 4570 1623 4629 fama
1660 4571 1849 4644 datur,
1887 4570 1993 4629 sed
2033 4572 2277 4629 moribus
2309 4571 2320 4647 Ι
2353 4570 2537 4629 almis.

687 4666 783 4726 74.
839 4665 850 4742 Ι
885 4663 1097 4723 Omnia
1136 4680 1243 4743 pro
1282 4664 1405 4724 vita
1443 4670 1577 4723 sunt
1610 4665 1620 4742 Ι
1652 4665 1964 4724 amittenda
2001 4667 2228 4725 tuenda.

557 4752 561 4757 ’
650 4758 781 4821 192.
835 4758 847 4837 Ι
882 4758 1161 4819 Omnibus
1204 4762 1292 4819 est
1324 4760 1335 4837 Ι
1369 4758 1568 4837 opibus
1604 4760 1615 4835 Ι
1646 4758 1851 4817 melior
1887 4759 1980 4817 vir
2011 4760 2022 4837 Ι
2055 4766 2250 4819 mente
2289 4760 2496 4819 fidelis.

650 4852 782 4914 207.
824 4852 1022 4929 Diligit
1054 4853 1063 4931 Ι
1096 4852 1197 4911 hic
1232 4859 1444 4928 natum,
1487 4854 1651 4930 virga
1686 4854 1789 4931 qui
1828 4858 2056 4931 corn'yit
2087 4856 2098 4933 Ι
2131 4854 2307 4916 illum.

367 5084 503 5137 ‘ln
538 5084 636 5138 hac
670 5084 953 5147 sententia,
1036 5100 1137 5137 uae
1182 5084 1339 5137 etiam
1387 5082 1657 5137 Germanis
1694 5100 1819 5205 ῧωτ
1728 5086 1964 5139 roverbio
1995 5090 2078 5139 est
2109 5088 2246 5150 (trau
2280 5088 2442 5140 schsu
2479 5090 2681 5149 vemt),
2729 5086 2776 5138 si
2819 5095 3058 5144 accurate
3103 5088 3180 5141 in-

216 5156 493 5225 spicitur,
527 5152 763 5222 singulae
798 5168 945 5206 voees
980 5170 1011 5207 a
1049 5154 1397 5206 ittet-ationem
1436 5154 1642 5206 habent.
1746 5170 1829 5206 am
1866 5158 1918 5207 et
1952 5156 2154 5223 signare
2191 5155 2310 5208 licet
2343 5170 2396 5209 se
2399 5156 2578 5220 cheta
2623 5156 2674 5207 id
2723 5154 2858 5223 quod
2903 5175 2966 5212 ex
3011 5176 3180 5215 exem-

221 5228 333 5297 plis
372 5228 536 5295 patet
569 5238 689 5275 mox
725 5223 1080 5292 sequentibus,
1116 5228 1171 5275 et
1202 5220 1403 5291 quidem
1440 5222 1527 5275 vix
1562 5222 1736 5275 differt
1767 5241 1800 5276 s
1836 5222 2050 5277 cuidam

368 5326 575 5387 Znuss,
610 5340 817 5379 onnia.
852 5342 1006 5379 oum.
1077 5324 1175 5378 En.
1212 5324 1277 5378 11.
2713 5334 2782 5382 60
