3717 5642
628 369 751 433 966
798 372 935 433 (951-
954 372 1076 435 952)
1288 368 1403 437 VI.
1448 370 1507 434 2.
1582 386 2054 438 oons‘rnuc'rlo
2098 390 2390 439 Poenos
2433 384 2866 439 nrm-mmm.

630 556 1021 641 trapositam,
1066 578 1255 641 quam
1299 556 1448 641 quia
1492 557 1849 624 coniunctis
1896 560 2064 625 binis
2108 562 2407 626 membris
2451 560 2742 625 versibus
2777 558 3052 645 singulis
3085 558 3358 643 singulae
3381 582 3480 623 sen·

632 656 865 721 tentiae
920 656 1353 739 continentur,
1414 680 1451 723 e
1506 660 1822 724 cambrica
1875 661 2041 725 serie
2101 662 2332 727 usitata
2386 662 2450 725 in
2505 660 2894 726 hibernicam
2941 660 3479 745 contrapositionem

630 766 995 844 transpono.

1066 876 1076 953 Ι
1116 875 1339 953 Gradus
1365 878 1375 955 Ι
1406 896 1529 953 ywr
1566 881 1671 936 oed
1700 880 1709 956 Ι
1740 898 1898 953 ywas
1925 880 1948 946 ll
1981 888 1986 947 ἶ
2030 864 2242 957 yujrhyt
2281 900 2372 938 am
2411 882 2550 939 dias.

1064 971 1075 1047 Ι
1108 972 1309 1031 mciv-ch
1342 973 1353 1049 Ι
1384 974 1545 1032 mwth
1579 972 1589 1050 Ι
1620 994 1920 1049 mynyvras
1949 977 1970 1043 ΙΙ
1998 996 2036 1034 a
2075 979 2188 1034 dan
2227 980 2487 1053 vordwyt
2519 978 2528 1053 Ι
2561 994 2747 1049 meyyr
2788 992 2918 1033 mae.

1069 1066 1079 1141 Ι
1110 1072 1332 1143 ysqut
1364 1068 1373 1143 Ι
1406 1086 1660 1143 ysyauyn
1700 1070 1884 1128 lledan
1915 1075 1936 1141 ΙΙ
1965 1090 2034 1128 ar
2067 1072 2076 1147 Ι
2112 1071 2341 1129 bedf-ein
2369 1071 2521 1128 mein
2555 1070 2564 1145 Ι
2600 1089 2761 1127 vuan.

1062 1160 1385 1235 kledyuawr
1418 1162 1428 1239 Ι
1459 1164 1582 1237 yla-3
1618 1164 1629 1239 Ι
1658 1164 1789 1237 ylan
1821 1170 1843 1236 ΙΙ
1877 1193 1881 1233 1
1914 1166 2030 1239 othy
2065 1168 2074 1241 Ι
2109 1184 2206 1223 eur
2244 1166 2449 1241 aphau.

1062 1320 1160 1397 Ny
1202 1320 1257 1379 ln·
1298 1326 1359 1397 es
1393 1342 1431 1380 a
1469 1325 1525 1381 vi
1554 1324 1575 1391 ΙΙ
1604 1344 1700 1383 cas
1742 1329 1871 1400 eros
1905 1346 1944 1383 a
1981 1326 2074 1385 thi.

1071 1417 1081 1494 Ι
1110 1418 1273 1491 qwell
1305 1418 1315 1494 Ι
1345 1421 1561 1493 qwmzf
1592 1438 1631 1477 a
1668 1420 1745 1477 thi
1773 1431 1794 1499 ΙΙ
1822 1440 1892 1477 ar
1929 1431 2093 1479 wawt
2133 1424 2205 1496 dy
2244 1422 2376 1480 uoli.

1065 1508 1199 1587 leym
1233 1530 1271 1587 y
1310 1522 1453 1569 waet
1489 1512 1656 1571 elawr
1682 1518 1704 1585 ΙΙ
1730 1524 1900 1590 ποῃῃτ
1935 1536 1971 1589 y
2010 1516 2311 1589 neithyawr

1066 1603 1204 1679 kynt
1238 1613 1443 1682 ylvat
1476 1625 1511 1681 y
1547 1606 1557 1684 Ι
1590 1608 1755 1665 vrein
1783 1608 1803 1673 ΙΙ
1829 1626 1936 1664 noc
1974 1628 2010 1683 y
2049 1611 2372 1683 arqyurein.

1076 1698 1087 1774 Ι
1120 1698 1197 1754 ku
1230 1698 1241 1775 Ι
1274 1702 1487 1774 cynei&
1526 1700 1734 1760 Ewein
1764 1704 1785 1770 ΙΙ
1846 1702 1853 1770 Ι
1884 1704 1998 1761 kwl
2034 1724 2070 1779 y
2109 1715 2200 1762 ποι
2238 1723 2277 1762 a
2315 1706 2428 1761 dan
2469 1702 2626 1761 vrein

1076 1791 1087 1868 Ι
1119 1793 1297 1851 memb
1334 1813 1426 1868 ,ψη
1456 1814 1543 1871 pa
1579 1814 1682 1854 vro
1710 1796 1732 1864 ΙΙ
1762 1798 1886 1854 lead
1920 1798 2140 1868 unlmab
2175 1799 2184 1874 Ι
2217 1798 2456 1857 marro!

1048 1952 1281 2012 “Indole
1320 1956 1431 2014 viri
1472 1962 1594 2015 erat
1632 1958 1878 2028 invenie,
1920 1958 2084 2035 vigor
2124 1960 2274 2017 circa
2312 1961 2639 2033 tumultum,

1043 2048 1177 2125 equi
1214 2050 1407 2127 rapidi
1446 2052 1617 2109 iubae
1656 2053 1880 2128 spissae
1921 2054 2027 2111 sub
2066 2054 2284 2113 femore
2325 2055 2618 2131 splendidi
2659 2054 2902 2127 iuveniS,

1041 2148 1268 2203 scutum
1310 2146 1435 2203 leve
1474 2146 1657 2205 latum
1695 2146 1771 2205 ad
1809 2147 1963 2205 latus
2001 2154 2175 2207 tenue
2215 2150 2420 2223 celere,

1043 2236 1271 2313 gladius
1309 2240 1523 2299 lividus
1562 2260 1762 2317 puruS,
1806 2240 1992 2299 calcar
2030 2260 2266 2302 aureum
2309 2252 2368 2301 et
2407 2245 2656 2320 plumae.

1044 2398 1179 2459 Non
1222 2401 1370 2459 haec
1416 2403 1526 2461 erit
1562 2402 1785 2461 invidia
1823 2404 1976 2461 inter
2013 2422 2106 2462 me
2147 2411 2205 2463 et
2241 2411 2318 2479 te,

1040 2494 1253 2554 melius
1291 2496 1497 2555 faciam
1537 2504 1745 2571 tecum,
1788 2499 1975 2573 elogio
2013 2504 2072 2557 te
2110 2498 2360 2557 laudare.

1044 2588 1213 2648 Prius
1252 2593 1489 2669 sanguis
1526 2593 1652 2651 eius
1690 2592 1767 2651 ad
1807 2592 1992 2651 solum
2033 2613 2208 2671 quam
2245 2595 2372 2669 ipse
2411 2594 2485 2651 ad
2523 2594 2771 2670 nuptias,

1048 2684 1211 2761 prius
1251 2686 1437 2745 corvis
1479 2688 1604 2745 eius
1646 2686 1807 2744 cibus
1847 2705 2020 2762 quam
2060 2688 2136 2747 ad
2177 2706 2529 2747 concursum.

1050 2778 1231 2838 Carus
1272 2780 1461 2840 socius
1502 2781 1731 2841 Oweni!
1772 2782 2048 2841 damnum
2089 2803 2222 2841 eum
2263 2802 2388 2842 esse
2429 2784 2534 2841 sub
2575 2783 2779 2857 cavie,

1050 2882 1269 2965 certum
1308 2876 1469 2950 mihi,
1510 2875 1572 2933 in
1610 2894 1725 2950 qua
1764 2881 1920 2933 terra
1955 2878 2279 2936 interfectio
2323 2876 2472 2935 unici
2513 2876 2620 2934 filii
2659 2877 3002 2935 Mari-onie.'’

818 2988 1060 3054 Versus
1106 2987 1425 3069 denarum,
1471 2986 1872 3053 hemistichia
1913 2988 2045 3053 fere
2089 2990 2420 3076 quinarum
2467 2990 2871 3074 syllabarum.
2959 2988 3222 3053 Perisse
3263 2984 3532 3050 interdum

651 3092 899 3153 videtur
953 3101 1085 3155 tam
1144 3099 1356 3155 rectus
1414 3088 1795 3176 syllabarum
1838 3112 2137 3157 numerus
2184 3114 2367 3178 quam
2413 3092 2772 3157 allitteratio
2833 3090 3186 3156 recentiore
3231 3086 3534 3171 scriptione

654 3200 719 3255 et
759 3191 1123 3273 infectione,
1168 3192 1419 3258 restitui
1465 3212 1616 3276 ergo
1660 3192 1955 3257 restituta
1997 3194 2211 3280 prisca
2255 3194 2622 3279 scriptione,
2666 3203 2735 3258 ut
2777 3214 3076 3258 numerus
3122 3192 3334 3255 decem
3373 3184 3536 3271 sylla-

653 3292 870 3357 barum
913 3293 982 3357 in
1025 3316 1216 3359 versu
1258 3292 1465 3374 tertio,
1506 3292 1693 3357 modo
1745 3294 1988 3359 scribas
2031 3297 2187 3358 scuit
2228 3318 2435 3360 scamn
2479 3296 2662 3372 letan,
2711 3294 2815 3361 vel
2858 3293 3224 3359 allitteratio
3265 3292 3329 3355 in
3367 3289 3478 3351 his:

952 3424 1085 3472 αταπ
1118 3414 1129 3489 Ι
1160 3414 1394 3471 mov-doit
1426 3412 1437 3487 Ι
1468 3430 1621 3486 meqr
1654 3430 1813 3485 quas,
1848 3414 1858 3488 Ι
1891 3414 2042 3487 quell
2075 3414 2084 3490 Ι
2114 3411 2336 3488 qimeim
2375 3415 2488 3471 athi
2515 3415 2536 3481 ΙΙ
2565 3434 2635 3473 ar
2667 3415 2678 3490 Ι
2709 3424 2888 3489 quant
2921 3417 2965 3470 ti
3001 3412 3149 3469 moli.

818 3524 977 3590 Post
1018 3525 1142 3591 hoc
1193 3524 1519 3590 exordium
1574 3525 1829 3590 heroem
1885 3524 2214 3591 celebrans
2274 3526 2504 3591 deinde
2558 3534 2750 3613 poeta
2804 3548 2917 3612 per
2973 3522 3216 3608 aliquot
3283 3518 3538 3603 strophas

654 3627 941 3713 ampliori
1001 3626 1382 3714 syllabarum
1436 3648 1697 3691 numero
1753 3626 1820 3688 in
1883 3626 2151 3711 singulis
2207 3628 2542 3693 versiculis
2601 3628 2884 3691 adhibito
2939 3624 3230 3709 adiungit
3281 3620 3540 3685 maiorem

656 3729 965 3794 sermonis
1000 3737 1308 3794 ornatum.
1384 3727 1717 3813 Frequens
1750 3729 1916 3795 enim
1951 3738 2048 3794 est
2078 3742 2326 3814 praeter
2357 3730 2836 3795 consonantiam
2865 3726 3124 3793 finalem
3153 3724 3542 3791 continuatam

653 3831 935 3896 lateralis
981 3831 1113 3896 fere
1157 3832 1224 3896 in
1271 3831 1492 3897 eodem
1539 3830 1879 3910 versiculo,
1926 3829 2182 3894 diversa
2225 3852 2264 3895 a
2293 3832 2658 3917 copulativa
2698 3830 3066 3896 continuata
3096 3850 3210 3914 per
3239 3822 3540 3908 stropham-

658 3932 1065 4018 Singulorum
1108 3954 1405 3999 versuum
1460 3954 1605 3999 esse
1650 3932 1860 3997 solent
1901 3954 2191 3999 novenae
2236 3933 2558 4019 syllabae,
2604 3955 2766 4018 quae
2807 3931 2919 3997 ubi
2959 3952 3096 3995 non
3143 3938 3306 4007 sunt,
3349 3944 3530 4011 quaeri

792 4137 815 4161 “
850 4137 1081 4191 Primum
1125 4140 1261 4190 inter
1305 4136 1572 4191 bellatores
1610 4134 1944 4189 Cambrorum
1981 4140 2160 4187 contra
2193 4136 2386 4205 Anglos
2421 4138 2576 4205 poeta
2611 4136 2837 4188 celebrat
2872 4136 3108 4187 iuvenem
3127 4172 3140 4195 ,
3175 4130 3264 4183 sed
3296 4131 3347 4181 in
3377 4128 3542 4178 luctum

658 4222 775 4259 mox
810 4208 1027 4259 vertitur
1062 4206 1124 4259 de
1158 4206 1372 4259 interitu
1407 4206 1518 4257 eius
1552 4207 1609 4257 in
1634 4206 1840 4273 proelio.
1902 4220 2189 4273 mynyvras‚
2227 4210 2326 4257 vot.
2353 4224 2400 4256 m
2501 4204 2638 4268 bras,
2674 4206 2776 4257 adi.
2811 4203 2949 4267 bras,
2987 4216 3208 4261 crassam,
3244 4200 3428 4281 dennis,
3447 4208 3542 4279 (Ἠῶ

657 4276 822 4329 subst.
856 4290 1021 4344 mony,
1054 4274 1187 4342 plur.
1226 4290 1407 4343 moyou
1440 4274 1505 4341 gl.
1546 4274 1689 4335 be.,
1728 4274 1824 4341 leg.
1861 4288 2076 4339 monyou
2111 4273 2197 4342 (gl.
2223 4278 2435 4337 comae),
2511 4276 2578 4327 ib.
2616 4278 2714 4326 vet.
2755 4288 2898 4341 mony
2935 4272 3022 4339 (gl.
3049 4272 3236 4331 cirrus)
3265 4268 3343 4347 Pr.
3367 4270 3436 4345 tr.
3457 4267 3508 4337 ³³53

660 4345 961 4413 aryyurein,
1010 4358 1281 4412 aroma-r„
1326 4344 1526 4411 primus
1562 4340 1833 4395 conflictus
1871 4357 1953 4409 ap.
1992 4343 2124 4400 Ow.;
2177 4343 2354 4395 eodem
2399 4344 2548 4397 modo
2595 4344 2728 4396 infra
2763 4343 2836 4409 (p.
2873 4344 2962 4405 64)
2999 4340 3066 4392 de
3115 4338 3326 4391 Gaeauci
3365 4334 3542 4385 intentu

1363 4512 1483 4582 leym
1512 4529 1548 4581 y
1578 4512 1664 4581 yic
1698 4528 1724 4563 e
1758 4510 1897 4563 vleid
1931 4518 2086 4581 noyyt
2117 4528 2143 4565 e
2177 4513 2472 4582 neithyawr.

1366 4580 1487 4651 kynt
1520 4596 1546 4633 e
1579 4580 1689 4633 vud
1716 4596 1752 4649 y
1789 4594 1924 4632 vran
1959 4588 2112 4650 noyyt
2149 4596 2174 4633 e
2209 4582 2401 4633 allawr

1366 4648 1468 4719 Ityn
1503 4665 1593 4702 noe
1628 4649 1906 4718 aryyurein
1942 4666 1967 4701 e
2002 4656 2136 4702 waet
2167 4666 2193 4701 e
2229 4650 2376 4703 lawr.

1366 4750 1547 4805 ‘Prius
1584 4753 1697 4805 eius
1736 4768 1854 4805 caro
1891 4753 2012 4819 lupo
2049 4768 2202 4820 quam
2239 4754 2351 4821 ipse
2389 4754 2450 4805 ad
2489 4752 2717 4821 nuptiae,

1368 4822 1515 4889 prius
1552 4820 1661 4873 eius
1695 4822 1898 4872 fructus
1935 4836 2085 4872 corvo
2122 4837 2276 4888 quam
2319 4824 2430 4890 ipse
2468 4823 2532 4875 ad
2567 4822 2746 4885 altare,

1367 4890 1513 4956 prius
1545 4905 1702 4957 quam
1740 4890 1803 4941 ad
1843 4904 2170 4957 congressum
2207 4891 2320 4943 eius
2358 4893 2570 4959 sanguis
2607 4892 2672 4944 ad
2707 4888 2920 4942 solum-⁹

664 5001 817 5063 noym
849 4994 1022 5047 nescio
1046 5008 1116 5045 an
1150 4994 1221 5045 sit
1241 4992 1403 5045 forma
1427 4992 1709 5073 composita
1732 5006 1823 5059 pro
1848 4992 2046 5059 vulgari
2081 5009 2160 5055 no,
2178 5063 2186 5072 ι
2201 5009 2314 5053 noe,
2350 4993 2654 5075 conferenda
2679 5008 2817 5073 corn.
2843 5006 3024 5070 arem..
3061 5004 3196 5073 aya,
3230 4992 3327 5069 eqd·
3343 4986 3405 5062 (P·
3429 4979 3538 5085 ⁷3⁶²}-

668 5062 1198 5199 (ἐξῗζιμιῖαὲοὲιίιώἑα
1212 5060 2070 5199 agliscsulraffelailxgcesatgeffanent,
2117 5065 2275 5115 enam
2310 5067 2428 5130 post
2463 5066 2940 5129 interpretationem
2975 5076 3078 5113 vm
3128 5060 3389 5113 doetissimx
3417 5048 3469 5101 D·
3497 5076 3538 5096 ι·
