3717 5642
851 416 963 483 VI.
1008 418 1065 482 2.
1140 432 1613 482 oonsraucno
1656 419 1962 481 roarxca'
1991 432 2378 481 mammos.
2600 417 2918 481 <9⁴³⁴945)
2961 416 3078 479 961

158 600 341 667 tricio
394 602 813 689 adscriptum,
868 602 1036 690 quod
1082 626 1117 668 e
1162 602 1381 669 codice
1425 600 1739 689 quondam
1781 599 2058 666 Mariani
2104 600 2304 667 Scoti!
2337 599 2529 683 (obiit
2570 623 2628 666 a.
2679 601 2871 687 1083)
2913 623 3086 667 nnnc

160 702 591 770 bibliothecae
636 703 983 769 Vaticanae
1027 705 1095 767 in
1138 704 1489 770 imitatione
1536 705 1889 790 scripturae
1935 702 2175 770 codicis
2221 702 2429 789 ipsius
2473 702 2706 789 legitur
2747 726 2850 787 ap.
2879 702 3083 769 Pertz.

160 804 221 867 in
260 814 426 869 tom.
474 805 595 871 VIl
642 817 705 871 et
746 808 965 873 tabula
1004 806 1222 871 addita
1262 806 1344 870 ad
1388 828 1447 891 p.
1496 808 1647 871 481:

624 926 677 981 ol
704 926 921 999 pa'troec

474 1018 529 1075 A
574 1020 580 1091 Ι
627 1018 789 1091 briqit
826 1020 1235 1077 andebchalleeh
1280 1024 1307 1096 Η
1352 1039 1389 1077 a
1432 1032 1437 1041 '
1484 1018 1611 1076 brdo
1650 1022 1736 1077 dir
1776 1018 2098 1077 donadeseb

470 1112 645 1169 tricha
688 1122 695 1187 l
739 1112 964 1169 blindan
1000 1114 1355 1187 qenekrddem
1397 1112 1421 1181 ΙΙ
1472 1119 1477 1155 ²
1523 1113 1763 1171 bennach
1802 1114 1970 1171 brema
2008 1111 2282 1169 damase.

476 1207 483 1274 Ι
530 1206 797 1265 Bennack
838 1206 847 1275 Ι
891 1208 1057 1265 e'renn
1094 1211 1155 1264 in
1194 1204 1411 1265 cechdi'i.
1458 1212 1483 1280 Η
1532 1216 1541 1283 ῃ
1585 1207 1829 1265 ὁεηπαοὴ
1867 1206 1988 1263 altu
2025 1224 2082 1263 es
2124 1206 2404 1264 cmchtu.

482 1303 491 1370 Ι
534 1300 777 1357 bennach
819 1302 1013 1373 layniu
1048 1304 1111 1357 in
1150 1300 1387 1358 cechtan.
1434 1304 1458 1371 Η
1502 1319 1637 1357 amm
1684 1299 1693 1365 Ι
1736 1301 1845 1357 bak
1888 1302 1895 1368 Ι
1941 1300 2186 1361 ὀοηπαοή
2211 1302 2333 1376 firu
2367 1299 2643 1359 amman!

161 1496 310 1559 (Boll.
350 1497 505 1549 Febr.
546 1504 589 1557 1,
630 1498 765 1560 102),
800 1497 995 1565 quippe
1029 1511 1163 1565 quae
1198 1495 1321 1549 haec
1356 1496 1542 1549 referat
1572 1498 1713 1561 (ibid.
1738 1514 1789 1566 p.
1822 1500 1966 1561 l7l)=
2014 1498 2048 1549 ‘i
2087 1512 2146 1549 sa
2179 1497 2282 1550 iam
2318 1497 2502 1559 sciens,
2538 1495 2676 1564 quod
2715 1496 2828 1549 dies
2860 1511 3091 1549 remune-

158 1566 387 1617 rationis
423 1580 549 1619 suae
584 1565 829 1627 instabat,
866 1566 1070 1617 dicebat
1102 1565 1231 1628 suis,
1266 1566 1401 1634 quod
1440 1566 1589 1618 vellet
1623 1568 1916 1635 sepulcrum
1952 1566 2002 1619 S.
2084 1565 2251 1617 atricii
2287 1565 2608 1633 archiepisco
2643 1564 2662 1616 i
2713 1566 2922 1617 visitare
2970 1570 3092 1618 ante

159 1640 385 1686 mortem
424 1649 584 1687 suam.
656 1634 776 1701 Ipsa
821 1638 995 1687 autem
1044 1633 1242 1686 sciebat
1273 1648 1328 1685 se
1361 1649 1467 1685 non
1502 1650 1817 1688 reversuram
1854 1633 2062 1703 quidem
2096 1649 2156 1686 co
2219 1648 2338 1697 ore„
2374 1638 2427 1685 et
2458 1634 2558 1685 iter
2671 1634 2784 1687 iens
2819 1634 3091 1687 benedi·

159 1703 360 1755 eebat
399 1706 597 1756 totam
633 1702 1017 1756 Hiberniam
1052 1718 1123 1755 ex
1168 1702 1335 1755 omni
1380 1708 1597 1769 parte,
1631 1706 1770 1757 sicut
1804 1704 2068 1773 praecepit
2101 1703 2153 1757 S.
2231 1703 2446 1755 atricius
2481 1702 2754 1771 episcopus
2789 1703 3008 1755 moriens
3042 1706 3096 1755 et

158 1771 375 1823 dicens:
442 1772 560 1834 Rer
594 1772 879 1839 triginta
914 1786 1115 1823 annos
1151 1770 1209 1823 B.
1248 1770 1513 1839 Brigida
1594 1776 1692 1825 ost
1726 1778 1992 1825 mortem
2029 1786 2220 1823 meam
2258 1771 2530 1823 benedic
2565 1769 2958 1833 Hiberniam.
3028 1770 3096 1823 Et

158 1840 379 1891 veniens
432 1840 757 1892 sanctissima
798 1839 855 1891 in
888 1840 1228 1909 aquilonalem
1278 1840 1475 1907 plagam
1522 1788 1819 1903 Ifiberniae,
1869 1841 2108 1893 videlicet
2139 1840 2194 1891 in
2231 1840 2543 1908 provinciam
2579 1839 2844 1903 Ultorum,
2889 1838 3100 1907 Brigida

160 1908 302 1960 illico
339 1908 607 1961 doloribus
643 1912 879 1975 correpta
912 1915 1005 1970 est,
1042 1912 1095 1959 et
1131 1913 1251 1975 post
1282 1908 1433 1960 breve
1466 1911 1693 1976 spatium
1732 1910 1975 1977 temporis
2007 1911 2141 1961 inter
2175 1908 2564 1961 multitudinem
2598 1910 2914 1970 sanctorum,
2959 1912 3096 1961 aeta·

158 1977 227 2027 tis
264 1992 399 2029 suae
438 1992 573 2029 anno
610 1976 931 2043 octogesim0‚
970 1992 1134 2029 anno
1170 1991 1314 2028 vero
1352 1978 1686 2045 trigesimo
1723 1983 1843 2046 post
1877 1978 2076 2030 obitum
2111 1978 2160 2031 S.
2197 1976 2434 2039 Patricii,
2481 1981 2728 2045 regnante
2775 1978 2832 2029 in
2864 1977 3100 2030 'l'emoria

158 2060 385 2111 regnum
428 2045 702 2098 Hiberniae
737 2044 1114 2097 Murchiartach
1150 2060 1262 2097 mac
1296 2044 1411 2107 Erc,
1450 2046 1737 2100 felicissime
1772 2046 1928 2099 obiit:

304 2113 417 2167 Alii
454 2129 630 2166 versus
666 2114 850 2167 tributi
886 2114 936 2166 S.
978 2114 1198 2165 Patricio
1233 2114 1522 2180 produntur
1564 2117 1621 2167 in
1671 2116 1795 2167 'Vita
1829 2115 1881 2168 S.
1917 2113 2144 2167 Declani·
2159 2128 2243 2179 ap.
2279 2110 2407 2165 Boll.
2445 2112 2540 2165 Iul.
2580 2116 2628 2175 5,
2663 2115 2792 2165 602:
2856 2112 3098 2166 ‘Sanctus

160 2181 439 2235 Patricius
496 2183 867 2249 archipontifex
926 2187 979 2235 et
1027 2186 1277 2250 patronus
1329 2183 1486 2234 tetius
1539 2184 1815 2237 Hiberniae
1867 2198 2071 2236 versum
2123 2186 2424 2249 sequentem
2477 2182 2670 2233 scotica
2719 2182 2897 2302 lmffia'
2948 2184 3095 2251 quasi

156 2250 434 2318 quoddam
483 2252 746 2303 oraculum
794 2251 1013 2318 vigorem
1052 2252 1175 2317 legis
1215 2251 1407 2302 habens
1443 2252 1516 2303 eis
1551 2254 1797 2305 cantavit.
1868 2253 2026 2316 Quem
2074 2264 2274 2303 versum
2309 2249 2505 2302 familia
2540 2250 2706 2301 sancti
2741 2250 2806 2302 Al
2870 2250 2889 2302 i
2937 2254 2990 2303 et
3023 2251 3094 2303 fa—

157 2320 311 2371 milia
357 2321 533 2372 sancti
574 2318 785 2372 Declani
830 2321 1109 2371 noluerunt
1156 2334 1248 2387 pro
1282 2334 1337 2371 se
1372 2319 1451 2370 vel
1486 2321 1777 2388 rhythmice
1820 2334 1912 2373 seu
1947 2320 2156 2372 metrice
2190 2318 2248 2369 in
2285 2318 2524 2371 Latinum
2572 2320 2715 2371 verti.
2788 2318 2856 2371 Et
2889 2320 3096 2371 maioris

154 2389 503 2441 auctoritatis
544 2389 592 2442 ei
636 2388 985 2441 conciliandae
1018 2388 1187 2455 gratia
1221 2387 1368 2439 illum
1414 2391 1623 2457 proprio
1658 2393 1710 2442 et
1740 2390 1992 2457 genuine,
2029 2402 2132 2457 quo
2175 2388 2542 2455 pronuntiatus
2579 2390 2632 2439 et
2663 2388 2980 2456 compositus
3017 2392 3097 2439 est

156 2473 213 2577 an
239 2462 433 2509 sancto
479 2457 726 2520 PatriciO,
771 2456 1015 2509 idiomate
1060 2472 1153 2525 pro
1197 2456 1448 2523 dignitate
1503 2459 1817 2525 proferemus
1861 2459 1918 2510 in
1965 2456 2210 2509 medium.
2289 2455 2370 2507 Ita
2426 2455 2586 2525 igitur
2639 2456 2832 2509 scotice
2886 2456 3098 2525 ponitur

152 2542 173 2577 1
214 2542 247 2578 Θ
292 2540 507 2579 versus:

782 2626 963 2681 Ailbke
996 2628 1175 2681 umhal
1212 2626 1445 2697 Padmiy
1483 2626 1763 2681 Muomhm
1793 2644 1876 2681 mo
1908 2624 2164 2697 quola-mh

790 2694 995 2749 Dedan
1034 2695 1271 2766 Padmt'q
1304 2714 1381 2751 na
1412 2695 1591 2760 an',
1625 2712 1697 2747 na
1732 2695 1860 2749 Deci
1894 2712 1960 2764 ay
1996 2692 2198 2747 Dedan
2226 2710 2292 2763 9⁰
2328 2692 2494 2745 brath.

158 2795 221 2848 In
278 2810 390 2865 quo
436 2796 700 2849 decretum
735 2802 837 2861 est,
885 2802 946 2851 ut
992 2798 1187 2852 Albeus
1222 2800 1481 2853 secundus
1514 2800 1773 2852 Patricius
1820 2802 1876 2851 et
1919 2798 2204 2849 Hemoniae
2251 2800 2502 2865 patronus
2545 2798 2710 2858 esset,
2753 2797 2810 2847 et
2847 2795 3100 2849 Decianus

153 2865 438 2917 secundus
474 2866 729 2917 Patricius
765 2871 819 2919 et
852 2872 1100 2935 patronus
1136 2874 1271 2920 esset
1308 2868 1593 2931 Desierum,
1627 2872 1680 2919 et
1713 2866 1852 2921 Desii
1888 2882 1984 2919 sua
2017 2866 2260 2918 dioecesis
2295 2868 2470 2918 essent
2601 2879 2666 2915 ue
2702 2864 2768 2917 ad
2801 2862 2954 2917 finem
2991 2880 3099 2917 sae-

152 2934 307 2985 culi?
384 2933 525 2985 Sunt
562 2935 641 2987 ita
674 2934 935 3003 desumpti
972 2950 1151 2989 versus
1187 2953 1215 2990 e
1252 2937 1429 2990 codice
1463 2936 1661 3003 collegii
1699 2936 1751 2988 S.
1794 2936 1972 2988 Isidori
1997 2934 2204 2999 Romae,
2238 2934 2328 2987 sed
2364 2938 2513 2987 notat
2613 2932 2728 2995 ‘tor,
2763 2933 2917 3001 paulo
2952 2934 3104 2985 aliter

150 3003 407 3122 legg-telos
443 3001 595 3123 ἔξω
632 3001 935 3071 Golganium
980 3009 1037 3056 et
1074 3006 1353 3060 Usserium.
1424 3006 1617 3059 florum
1664 3020 1821 3071 opera
1852 3020 1968 3056 cum
2019 3004 2148 3057 mihi
2185 3007 2394 3072 praesto
2429 3018 2534 3057 non
2568 3002 2702 3064 sint,
2739 3002 2956 3055 restituo
2989 3016 3103 3055 mec

160 3086 229 3122 ar
268 3086 291 3122 ι
370 3084 401 3122 o
436 3086 457 3123 1
525 3091 539 3122 ι

752 3176 761 3241 Ι
791 3172 941 3227 Aicbe
968 3182 977 3235 ι
1008 3174 1153 3227 mna!
1180 3176 1189 3242 Ι
1219 3174 1273 3227 01
1302 3171 1476 3239 patric
1516 3176 1539 3243 Η
1578 3176 1751 3243 pdm'c
1784 3188 1992 3227 muman
2022 3189 2102 3226 mo
2131 3172 2142 3239 1
2172 3173 2409 3241 coleruth

754 3262 763 3323 Ι
793 3257 975 3311 declan
1007 3259 1183 3328 patric
1215 3258 1451 3327 'madeas
1488 3262 1512 3328 ΙΙ
1555 3258 1735 3326 inflecti
1767 3276 1829 3311 oc
1856 3260 1868 3327 Ι
1899 3256 2081 3311 declan
2116 3256 2344 3311 eobo-ath.

491 3359 707 3413 “Albius
742 3360 969 3423 humilis,
1005 3362 1060 3414 in
1096 3362 1177 3413 uit
1210 3361 1480 3426 Patricius,
1517 3363 1587 3415 sit
1620 3362 1877 3415 Patricius
1911 3360 2198 3413 Hemoniae
2231 3359 2384 3413 meus'
2507 3358 2658 3423 ualis,

489 3428 748 3482 Decianus
783 3429 1037 3482 Patricius
1123 3432 1361 3493 esiorum,
1398 3432 1504 3485 sint
1537 3430 1677 3485 Desii
1712 3446 1827 3482 cum
1865 3429 2092 3482 Declano
2124 3444 2290 3498 usque
2324 3429 2390 3482 ad
2423 3431 2478 3482 iu
2517 3426 2722 3482 ‘cium-'⁸

320 3528 421 3581 Est
452 3530 589 3582 enim
622 3530 748 3582 item
784 3534 1001 3583 metrum
1038 3532 1401 3599 septenarium.
1477 3528 1701 3584 Cocruek
1716 3572 1728 3593 ‚
1767 3530 1994 3585 eiusdem
2029 3532 2237 3594 formae,
2273 3531 2521 3601 aequalis,
2557 3534 2620 3583 ut
2649 3530 2907 3595 sochmtla,
2943 3532 3106 3587 bonae

146 3601 407 3659 formae,
456 3597 718 3651 honestus.
790 3598 853 3652 In
884 3604 1144 3667 pestremo
1176 3601 1407 3653 membro
1451 3601 1509 3652 in
1552 3600 1661 3652 loco
1704 3600 1869 3653 indesi
1901 3616 1962 3652 oc
1998 3600 2196 3653 vocales
2231 3600 2305 3651 i-o
2343 3600 2668 3664 coalescunt,
2712 3606 2805 3653 aut
2837 3605 2962 3653 sunt
2997 3602 3106 3655 loco

146 3669 339 3719 unius
376 3665 509 3718 duae
544 3667 756 3719 minoris
791 3672 1049 3730 accentus,
1084 3674 1147 3720 ut
1178 3670 1235 3721 in
1271 3668 1637 3721 Benedictione
1672 3668 1729 3721 in
1764 3668 1988 3720 benmck
2020 3668 2206 3720 ulna-es
2242 3668 2508 3720 comeatu.

318 3736 350 3761 *
390 3732 617 3803 Scriptio
660 3736 745 3787 hic
788 3752 991 3805 quoque
1036 3738 1273 3805 cong-ruit
1306 3752 1423 3789 cum
1458 3740 1629 3789 aetate
1664 3736 1853 3790 codicis
1871 3776 1884 3801 ,
1917 3741 1980 3788 ut
2014 3736 2290 3789 destitutae
2321 3752 2355 3805 9
2389 3740 2443 3789 et
2477 3734 2516 3787 ul
2543 3736 2600 3789 in
2629 3750 2727 3805 qen
2760 3734 3015 3800 σὴν-ἐάσω,
3051 3739 3108 3791 in

146 3819 277 3875 quo
306 3808 585 3869 praeterea
606 3804 839 3857 flexionis
860 3805 1110 3873 neglectio
1133 3808 1229 3867 est,
1263 3820 1358 3872 pro
1381 3806 1659 3858 vetustiore
1694 3820 1785 3858 cen
1807 3804 2015 3857 clu-etim
2037 3808 2108 3871 (p.
2144 3806 2265 3869 244)
2291 3820 2319 3855 e
2342 3810 2537 3867 crema,
2569 3818 2686 3873 gen.
2725 3805 2948 3869 creinne3
2982 3807 3108 3859 item

142 3876 231 3995 2¹⁸3
280 3872 735 3993 scriptungigrsgtsxm
762 3872 911 3993 linea,
947 3877 1125 3993 αηῐίἓ
1147 3874 1202 3993 its:
1236 3872 1295 3991 ²⁸⁷2
1326 3870 1557 3993 ega-ledii,d
1568 3873 1851 3993 ivtwecietan,
1887 3874 1974 3925 ubi
1987 3876 2216 3993 mata
2251 3873 2430 3993 gffia
2465 3872 2761 3993 postulaliat
2783 3872 2848 3929 ic.
2897 3872 3093 3995 15:21⁰&

367 3955 521 3993 recen
721 3956 1003 3993 vecorru
1194 3955 1920 3993 unona.ur.r
2187 3956 2830 4002 ,tann..r

142 3956 342 4063 ἐνιένῖι
382 4024 487 4060 acc.
572 4024 629 4061 ro
676 4008 847 4073 ἀπ’πη,
891 3956 1113 4062 bernach
1153 4024 1246 4078 pro
1291 4006 1519 4061 heridach
1560 3957 1904 4075 {benamu-eg.
1922 3955 1952 3994 ⁰
1987 4008 2265 4062 Contracta
2309 4017 2483 4063 tamen
2497 3956 2688 4061 giurmg
2731 3956 2802 4061 esp
2827 3956 3112 4077 garticulss

140 4094 333 4140 acus,
374 4086 495 4142 post
552 4082 638 4130 ata
672 4082 850 4140 metro,
885 4077 1101 4130 vetustis
1135 4078 1237 4129 iam
1272 4076 1439 4145 poetis
1477 4077 1680 4130 videtur
1713 4092 1825 4131 esse
1860 4092 2101 4129 concessa
2133 4078 2218 4141 (cf.
2255 4078 2300 4129 is
2335 4078 2391 4129 in
2425 4079 2618 4145 hymno
2659 4073 2906 4142 Maium).
2975 4078 3112 4133 Sunt

141 4150 461 4216 praeterea
493 4146 551 4197 in
574 4146 653 4198 his
676 4144 909 4200 distichis
944 4161 1091 4199 voces
1130 4146 1208 4198 vel
1242 4161 1325 4198 res
1350 4148 1533 4199 notatu
1556 4146 1767 4215 dignae:
1808 4146 1876 4208 ol,
1911 4148 2084 4213 inquit
2119 4148 2193 4212 (p.
2219 4150 2354 4209 504).
2417 4144 2628 4208 collect,
2666 4144 2894 4209 cailleck,
2929 4148 3112 4201 mulier

142 4219 363 4269 velata
406 4212 563 4279 pallio
608 4212 827 4279 (cailla),
874 4218 977 4267 tam
1014 4228 1173 4267 anus=
1218 4213 1340 4267 arni
1382 4212 1559 4266 cundil
1602 4230 1761 4267 mese-e
1804 4212 2025 4267 cailleclt
2060 4215 2148 4282 (gl.
2183 4228 2314 4267 anus
2348 4214 2472 4266 doce
2517 4228 2622 4267 non
2654 4215 2776 4267 vino
2810 4215 2971 4267 multo
3006 4231 3110 4269 ser·

136 4288 423 4343 vicum,
468 4282 571 4334 Tit.
606 4288 636 4333 2
656 4321 669 4345 ,
713 4284 765 4345 3)
802 4282 919 4335 Wb.
960 4290 1045 4334 251⁴·
1064 4322 1077 4347 ,
1125 4283 1271 4336 hodie
1318 4296 1522 4351 quoque
1546 4284 1672 4353 bib.
1717 4284 1843 4349 gael.
1895 4280 2172 4345 cailleach,
2220 4284 2414 4346 vetula3
2471 4297 2630 4349 quam
2675 4282 2817 4350 virgo
2860 4284 3112 4401 reliffiosa.

139 4353 297 4405 breio
346 4349 425 4411 (.ι“.
450 4349 633 4409 lasair)
668 4347 773 4403 m.
799 4353 922 4417 Apr.
952 4356 1031 4413 15,
1066 4352 1098 4403 i.
1137 4367 1179 4403 e.
1217 4351 1439 4404 flamma.
1479 4350 1563 4401 dir
1594 4367 1707 4417 gen.
1744 4352 1909 4403 subet.
1949 4350 2010 4402 dr
2045 4352 2297 4415 (aurum):
2332 4349 2564 4402 richisdn
2587 4350 2636 4402 ,ἱ
2661 4351 2922 4403 camnocol
2985 4352 3115 4405 rdae

138 4424 205 4476 ,ιζ
258 4416 658 4473 armkomaili
692 4416 866 4469 ἱπάόίν
884 4419 1157 4487 fririclciss
1242 4421 1274 4471 l.
1312 4420 1681 4481 carbunculum
1720 4421 1752 4473 i.
1788 4436 1831 4473 e.
1871 4423 2078 4488 propter
2111 4420 2498 4472 similitudinem
2534 4419 2643 4471 eius
2659 4457 2673 4481 ,
2706 4420 2820 4472 auri
2855 4434 2970 4471 cum
3006 4438 3113 4475 car-

138 4496 357 4549 bone;
399 4486 461 4539 cf.
490 4486 606 4539 Wb.
644 4490 762 4539 22⁰:
822 4488 1005 4539 amicit
1038 4489 1207 4555 inpect
1223 4504 1269 4539 ιο
1306 4496 1350 4539 ει
1387 4486 1685 4539 arc-kosmi&
1719 4488 2014 4556 iaso-quamn
2049 4486 2311 4556 doym'tlaer
2335 4486 2465 4552 dm‘b,
2535 4488 2566 4539 l.
2603 4486 2852 4539 idolorum
2877 4491 3116 4552 servitus)

138 4564 253 4626 ὃς.
304 4557 431 4607 47¹³.
504 4554 781 4609 donade'seb
816 4558 847 4607 i.
885 4572 931 4611 e.
964 4556 1152 4609 domii)
1188 4555 1345 4619 desib,
1393 4555 1574 4609 Desiis.
1632 4558 1836 4609 Terram
1885 4554 2127 4617 natuie'se,
2165 4572 2270 4607 nan
2305 4554 2456 4620 [κε-ἰ,
2547 4556 2796 4619 esiorum,
2827 4556 3118 4623 frequenter

134 4630 535 4683 memoratam
570 4625 626 4677 in
659 4626 791 4677 actis
832 4629 1129 4677 sanctorum
1174 4626 1477 4687 Hiberniae,
1521 4638 1635 4678 esse
1668 4626 1950 4678 Momoniae
1985 4632 2184 4692 partem
2219 4628 2366 4693 patet
2398 4640 2427 4676 e
2463 4624 2590 4677 Vita
2622 4624 2672 4676 S.
2711 4623 2935 4691 Brigitae
2967 4627 3116 4689 (Bon.

138 4698 343 4751 Febr.
390 4700 413 4745 1
434 4732 448 4755 ,
492 4696 602 4755 171)
620 4714 635 4744 :
688 4693 799 4745 ‘Vir
842 4691 989 4761 longe
1026 4710 1057 4747 a
1092 4694 1299 4746 civitate
1334 4694 1384 4745 S.
1423 4693 1661 4761 Brigidae
1698 4693 1984 4755 habitabat,
2019 4694 2186 4760 spatio
2218 4694 2420 4745 itineris
2455 4692 2718 4745 viantibus
2755 4696 2976 4759 quatuor
3008 4696 3114 4748 die-

138 4782 337 4826 rum,
400 4762 639 4814 videlicet
680 4762 735 4813 in
778 4760 1092 4816 Homonia
1136 4763 1202 4814 in
1248 4766 1426 4814 terra
1474 4760 1761 4815 Nandesi
1816 4763 1874 4814 in
1926 4778 2105 4829 campo
2152 4761 2359 4813 Femin.'
2439 4760 2804 4827 Principalium
2853 4763 3118 4830 regionum

132 4833 439 4893 nomina,
487 4846 519 4882 a
564 4830 771 4898 populis
814 4831 1185 4899 principalibus
1238 4830 1489 4883 enarratis
1533 4832 1589 4883 in
1638 4831 1729 4883 hoc
1766 4831 1992 4883 carmine
2037 4834 2176 4901 orta,
2222 4831 2466 4881 dicuntur
2512 4846 2544 4883 a
2578 4828 2784 4881 Giraldo
2822 4828 3120 4887 Cambrensi

136 4910 357 4969 (saec.
395 4900 718 4963 duodecimo)
754 4900 811 4951 in
845 4900 1202 4967 Topographia
1236 4900 1511 4951 Hiberniae
1548 4896 1829 4961 Momonia,
1877 4897 2114 4967 Layenim
2167 4894 2220 4951 U
2218 4898 2394 4961 leonia,
2433 4896 2698 4959 Gonactia,
2733 4898 2884 4951 hodie
2919 4916 3122 4971 qnoque

145 4970 471 5029 Manae,
513 4966 757 5030 Leinsten
806 4964 857 5019 U
856 4968 1003 5031 later,
1044 4966 1353 5035 Govmauqltt.
1393 4966 1563 5019 tricina
1596 4966 1807 5019 blindan
1835 4966 2175 5036 yenchredem,
2211 4967 2423 5034 triginta
2457 4980 2619 5019 annos
2653 4967 2764 5018 sine
2797 4964 2897 5019 fide
2913 5008 2926 5031 ,
2963 4972 3122 5023 refero

132 5044 223 5097 ad
274 5037 485 5091 Desios
520 5037 751 5089 nondum
788 5038 923 5089 totos
969 5037 1034 5089 ad
1070 5036 1363 5103 religionem
1416 5037 1749 5088 christianam
1786 5036 2074 5091 ,traductos
2147 5036 2364 5089 Multum
2409 5036 2548 5087 enim
2606 5034 2862 5087 laborasse
2915 5038 2970 5091 S.
3008 5038 3120 5091 Bri-

132 5114 367 5179 gitam
414 5106 471 5157 in
513 5106 769 5158 hemonia
814 5108 995 5157 narrat
1038 5108 1217 5158 auctor
1270 5106 1421 5157 Vitae
1472 5106 1581 5157 eius
1620 5104 1771 5168 (Boll.
1805 5105 1954 5156 Febr.
1994 5112 2038 5168 ι,
2081 5109 2190 5158 166.
2235 5106 2376 5168 167)=
2422 5104 2492 5157 ⁴8.
2525 5103 2737 5170 Brigida
2771 5120 2887 5155 cum
2923 5108 3032 5160 suis
3065 5109 3122 5159 in

132 5189 449 5245 campum
480 5171 665 5225 Gtiach
701 5174 757 5227 in
792 5173 1047 5227 Momenia
1084 5174 1309 5241 positum
1344 5172 1502 5225 exivit
1538 5178 1591 5225 et
1626 5173 1882 5225 habitavit
1914 5173 2018 5225 illic
2052 5174 2110 5225 in
2144 5172 2364 5241 quodam
2397 5172 2508 5225 loco
2540 5172 2608 5225 ad
2645 5176 2863 5241 tempus.
2886 5214 2900 5229 .
2925 5214 2937 5227 .
2962 5176 3126 5228 Multa

334 5276 536 5339 Zanes,
576 5292 781 5328 oaauu.
818 5292 973 5329 cnm.
1026 5273 1125 5327 En.
1161 5274 1228 5327 Π.
2659 5278 2722 5326 01
