3717 5642
1133 371 1258 440 ΠΙ.
1301 372 1363 439 2.
1433 387 1658 436 vma
1709 383 1891 432 narr.
1936 381 2284 432 monam.
2799 365 2947 428 (⁵46)
3008 363 3090 428 57
3095 364 3133 427 5

359 559 702 628 Praeteriti
747 557 1110 628 secundarii
1156 557 1521 645 exemplum
1563 559 1623 624 3.
1667 573 1840 642 pers.
1882 551 2076 640 plum
2118 561 2361 636 myram
2402 547 2599 636 haym
2644 550 2717 612 m·
2752 549 3139 635 wybuyssynt

199 687 238 748 y
271 667 462 727 eiaem
501 663 576 747 ρκ’
609 661 736 745 (illi
775 671 986 726 tamen
1027 683 1160 726 non
1203 659 1524 726 sciverant
1561 657 1768 746 ipsius
1798 652 2188 736 absentiam)
2230 649 2407 716 Mab.
2440 651 2499 730 3,
2536 651 2633 714 14.

357 763 697 829 Formae
739 763 1120 851 passivae
1175 783 1388 847 praes.
1431 759 1644 848 prim:
1699 753 2067 843 nywybydir
2096 773 2193 840 pa
2231 753 2401 838 fford
2448 754 2579 836 yda
2638 752 2955 836 (uescitur
3006 775 3133 840 qua

203 867 297 932 via
339 867 480 951 eat)
517 863 692 931 Mab.
739 865 800 946 3,
843 865 988 930 212.
1092 862 1312 930 Coni.:
1375 884 1502 948 yny
1543 879 1751 946 wyper
1793 855 2049 940 auobwy
2106 855 2344 938 (donec
2398 853 2639 919 sciatur
2692 853 2962 920 vivusne
3016 855 3133 939 sit)

201 971 252 1050 2,
283 969 392 1033 25.
479 966 700 1032 Praes.
747 987 908 1032 sec.:
969 966 1081 1030 ual
1119 977 1234 1030 nat
1273 963 1530 1050 adnepit
1571 961 1696 1045 (ita
1737 969 1808 1024 ut
1845 979 1981 1022 non
2022 955 2545 1041 cognosceretur)
2587 956 2647 1035 3,
2680 957 2821 1022 202.
2919 954 3131 1022 Praet.

201 1069 410 1154 prim:
464 1089 590 1154 ψῃ
633 1079 1048 1154 arqanuuwyt
1085 1091 1130 1154 y
1173 1065 1402 1153 llytleyr
1459 1063 1696 1147 (donec
1737 1059 2221 1126 animadversae
2264 1067 2417 1122 sunt
2456 1056 2736 1141 litterae)
2781 1062 2839 1138 3,
2884 1060 2984 1124 91.
3057 1083 3134 1124 ac

195 1195 310 1255 μα
363 1169 712 1256 qubuwyt
755 1191 894 1254 pau
941 1191 1042 1254 yw
1075 1169 1351 1254 peredur
1405 1167 1518 1231 oed
1567 1165 1641 1247 <f
1685 1162 1784 1248 (et
1831 1171 1989 1226 tunc
2040 1161 2275 1226 scitum
2328 1167 2457 1240 est,
2514 1181 2661 1225 eum
2714 1181 2859 1226 esse
2910 1160 3022 1245 P.)
3074 1165 3129 1242 1,

199 1271 333 1337 268.
403 1293 492 1355 ny
531 1269 835 1356 'wbuwyc
873 1270 1016 1356 cycli
1057 1291 1094 1334 ο
1132 1271 1341 1356 hynny
1383 1267 1562 1332 allon
1593 1263 1744 1350 pule
1780 1287 1824 1350 y
1863 1262 2043 1326 daetla
2094 1261 2255 1347 (non
2308 1261 2633 1347 cognitum
2674 1262 2934 1326 omnino
2980 1263 3129 1328 inde

199 1396 405 1459 porro,
451 1391 580 1458 quo
609 1369 887 1454 venerit)
918 1371 976 1452 2,
1011 1371 1156 1436 246.
1241 1369 1390 1435 Non
1419 1367 1628 1434 differt
1665 1363 1869 1430 forma
1894 1375 2103 1451 -pwyt‚
2150 1363 2366 1430 addita
2408 1363 2621 1430 verbis
2654 1364 2983 1450 sequentis
3028 1387 3128 1430 se-

199 1473 330 1554 riei,
379 1483 454 1538 ut
493 1474 869 1558 dywetpwyt,
911 1473 1216 1560 (Ineptum,
1257 1470 1584 1555 aethpwyt,
1627 1477 2009 1554 ymspwyt‚
2052 1467 2417 1552 ὠνῶμαι-μί,
2454 1465 2919 1552 ymnaethpnoyt.

351 1573 874 1640 Infinitivus:
946 1574 1137 1659 ἅγιοι
1178 1570 1752 1660 (appropinquare,
1807 1567 2059 1652 venire)
2100 1565 2188 1653 fq.
2260 1577 2525 1652 yqqouot
2560 1589 2605 1651 y
2645 1567 2929 1652 vlwydyn
2981 1567 3129 1652 (du-

195 1685 366 1741 rante
413 1673 615 1758 anno)
667 1673 843 1740 Mab.
891 1677 946 1756 1,
977 1675 1122 1740 241.
1184 1674 1400 1761 qwedy
1439 1683 1662 1758 qoruot
1705 1668 1912 1752 armfi
1962 1669 2331 1756 (postquam
2376 1667 2705 1755 superavit
2745 1666 2877 1751 me)
2928 1672 2981 1750 1,
3025 1670 3125 1736 25.

197 1778 410 1863 ywedy
451 1778 684 1868 dar-not
723 1777 948 1862 boeyua
990 1775 1316 1861 (absoluto
1358 1771 1660 1862 prandio)
1707 1775 1764 1853 1,
1799 1775 1897 1836 11.
1956 1769 2255 1857 arqanfot
2292 1791 2485 1834 aco-tac
2519 1769 2777 1856 ynam-12
2817 1770 3133 1856 (animad-

203 1887 446 1944 vertere
503 1899 708 1963 equus
761 1877 1005 1965 coepit)
1067 1881 1123 1960 1,
1166 1878 1268 1944 28.
1335 1877 1528 1963 llyma
1579 1873 1909 1940 uarokawc
1954 1895 2043 1960 yn
2094 1871 2401 1958 kyuaruot
2450 1893 2527 1936 ac
2584 1871 2658 1956 ef
2702 1871 2887 1957 (ecce
2930 1895 3127 1960 eques

199 2000 538 2045 occurrens
593 1978 686 2064 ei)
749 1982 808 2061 1,
848 1979 992 2045 243.
1057 1984 1152 2046 mi
1200 2003 1341 2045 aum
1393 1979 1478 2064 dy
1533 1978 1768 2042 hanuot
1816 1997 1917 2040 om
1953 1983 2153 2060 qwaet
2204 1972 2373 2058 (scio
2414 1981 2481 2039 te
2523 1995 2669 2039 esse
2714 1972 3045 2040 oriundum
3092 1997 3127 2040 c

198 2080 511 2167 sanguine
535 2079 712 2166 meo)
743 2083 803 2162 2,
835 2081 979 2147 204.
1032 2083 1126 2146 mi
1163 2082 1291 2167 aas
1317 2079 1560 2167 ywybot
1593 2101 1733 2166 pwy
1771 2101 1816 2165 y
1853 2075 2208 2142 marchawo
2248 2073 2401 2160 (ego
2431 2073 2540 2141 ibo
2571 2075 2822 2157 scitum,
2870 2077 3015 2163 quis
3045 2077 3132 2141 sit

193 2182 422 2268 eques)
451 2183 514 2264 2,
548 2186 647 2248 11.
702 2183 992 2266 adnm,
1037 2183 1234 2270 clybot
1265 2183 1708 2268 (cognoscere,
1751 2178 2005 2263 audire)
2049 2177 2137 2265 sq.
2188 2176 2269 2242 cf.
2313 2176 2689 2264 amqnaubot
2728 2177 2815 2264 gl.
2848 2176 2971 2244 Ox.
3002 2179 3127 2245 38⁶.

347 2284 496 2350 Nec
539 2284 772 2352 desunt
811 2286 1146 2351 cornica
1185 2285 1382 2352 verba
1426 2283 1656 2350 eodem
1699 2281 1893 2347 modo
1936 2279 2329 2367 composita,
2372 2299 2583 2366 pauca
2622 2301 2765 2344 cum
2806 2282 3023 2347 radice
3072 2287 3126 2347 l.

193 2387 536 2454 Cambrico
560 2389 705 2473 pieu
745 2385 1096 2475 respondet
1137 2407 1312 2452 corn.
1335 2408 1500 2472 pyw,
1535 2407 1690 2472 pem,
1737 2383 1922 2448 cuius
1965 2380 2127 2447 haec
2158 2380 2451 2467 exempla
2492 2381 2871 2464 invenimus,
2914 2405 3124 2469 praes.

189 2491 401 2574 prim:
467 2511 595 2574 pyv
637 2512 723 2554 an
757 2511 916 2576 pren
957 2487 1126 2554 abeto
1165 2488 1280 2574 hep
1319 2507 1463 2552 mar
1501 2509 1654 2573 pons
1692 2485 1865 2550 ilum
1926 2483 2105 2570 (quis
2148 2494 2249 2550 est
2288 2483 2457 2548 talus
2502 2483 2611 2569 qui
2654 2485 2945 2571 possidet
2986 2485 3125 2551 sine

191 2590 382 2658 dubio
425 2591 708 2656 tunicam
747 2589 962 2675 Iesu),
1015 2590 1218 2656 henna
1259 2611 1460 2676 aspew
1493 2611 1584 2676 yn
1625 2599 1838 2652 cortun
1884 2585 2027 2670 (ille
2072 2608 2209 2652 eam
2250 2585 2545 2672 possidet
2590 2585 2826 2670 certo),
2880 2609 2949 2651 re
2986 2600 3127 2674 synt

184 2711 374 2778 {oxyn
416 2713 518 2756 me
557 2713 760 2777 aspew
815 2690 964 2778 (per
1005 2701 1296 2758 sanctum
1335 2691 1560 2758 Iovem
1603 2711 1722 2774 ego
1779 2710 1923 2754 eam
1964 2687 2301 2775 possideo)
2355 2685 2439 2752 D.
2482 2688 2669 2752 2853.
2711 2688 2895 2754 2855.
2938 2691 3122 2756 2858.

187 2808 246 2878 ty
295 2817 338 2860 a
381 2815 512 2858 veno
554 2814 626 2856 ου
661 2793 852 2880 qratlz
901 2793 1078 2879 nesre
1132 2793 1234 2879 (tu
1275 2792 1574 2881 possides
1627 2789 1896 2876 gratiam
1936 2813 2141 2857 meam
2196 2790 2479 2876 semper)
2534 2788 2615 2855 Ο.
2658 2791 2801 2855 974.
2900 2789 3115 2859 Coni.:

177 2917 318 2982 may
363 2895 480 2960 beu
521 2916 600 2980 vy
641 2915 772 2958 cres
811 2893 916 2978 (ut
941 2893 1212 2962 habeam
1254 2917 1376 2982 ego
1402 2890 1659 2981 pacem)
1687 2891 1766 2957 R.
1798 2893 1985 2958 2224.
2069 2891 2289 2957 Praes.
2337 2911 2496 2956 sec:
2538 2913 2675 2954 war
2716 2903 2783 2956 tu
2822 2893 2947 2978 hay
2976 2918 3119 2958 vam

183 3021 262 3060 aa
293 3019 476 3083 penso
519 2995 634 3081 (ad
675 3009 938 3063 matrem
981 3019 1160 3064 suam
1204 3017 1452 3078 versus,
1499 3017 1662 3081 quac
1709 3017 1852 3061 eum
1879 2992 2286 3081 possidebat)
2331 2990 2405 3057 Ρ.
2439 2993 2581 3074 207,
2618 2993 2687 3072 3;
2732 2994 2849 3060 sed
2893 2997 3115 3062 etiam:

175 3121 256 3182 yn
295 3100 404 3163 tlte
441 3120 537 3163 see
559 3147 574 3162 .
605 3149 620 3164 .
645 3148 661 3164 .
705 3123 746 3163 a
791 3098 946 3164 bewe
997 3100 1096 3164 the
1135 3111 1232 3164 tas
1273 3097 1495 3163 davetli
1555 3096 1656 3181 (in
1700 3096 1856 3163 sede
1898 3106 2013 3163 tua
2064 3117 2253 3181 quam
2308 3095 2685 3180 possidebat
2731 3105 2915 3183 pater
2968 3109 3117 3164 tuus

179 3198 502 3286 Davides)
546 3200 628 3267 Ο.
651 3199 838 3267 2393.
925 3198 1095 3268 Cum
1137 3198 1474 3266 cambi-icis
1517 3199 1755 3284 ethwys
1773 3209 1917 3281 etc.‚
1962 3221 2129 3286 quac
2171 3197 2439 3264 eandem
2466 3195 2745 3262 radicem
2788 3201 3116 3284 praeteriti

183 3299 450 3368 themati
493 3303 906 3389 subiungunt,
951 3301 1404 3368 conferendum
1449 3311 1574 3366 est:
1616 3301 1838 3388 qalsos
1870 3299 2021 3385 (ivi3
2067 3320 2215 3364 cum
2256 3299 2622 3364 adicctivis:
2666 3299 2873 3367 factus
2918 3302 3112 3386 sum),

175 3403 388 3487 §aleos
417 3405 548 3490 ysel
586 3403 878 3489 (humilis
919 3403 1130 3470 factus
1171 3403 1361 3488 sum),
1401 3402 1618 3490 yalsof
1647 3401 1822 3488 coyth
1868 3401 2100 3487 (senex
2140 3401 2183 3466 f.
2228 3401 2315 3486 Β.)
2360 3399 2439 3466 Ο.
2472 3401 2616 3466 373.
2647 3403 2791 3466 855.
2844 3404 2962 3466 ralc
3004 3404 3113 3490 hy-

183 3504 312 3568 reth
346 3503 577 3590 yalsos
593 3505 866 3590 parolus
910 3507 1203 3592 (propter
1247 3503 1632 3570 desiderium
1687 3503 1858 3569 facta
1900 3526 2037 3569 sum
2083 3501 2462 3588 aegerrima)
2504 3501 2581 3569 R.
2616 3503 2695 3566 77
2700 3505 2771 3582 5;
2840 3504 2897 3569 2.
2944 3526 3110 3590 pers.

173 3603 370 3686 yalsoe
413 3627 546 3689 pur
585 3605 780 3670 worth
837 3605 1074 3691 (factus
1131 3628 1204 3672 es
1255 3627 1432 3671 mere
1485 3603 1906 3689 contrarius),
1960 3604 2163 3690 qalsos
2220 3605 2480 3690 {mamyn
2531 3625 2661 3689 pur
2700 3604 2869 3690 woky
2920 3605 2993 3689 (f.
3040 3629 3113 3672 es

179 3704 356 3770 modo
407 3705 878 3793 stultissimus),
916 3709 1122 3794 yalsos
1159 3731 1306 3772 mur
1343 3729 1430 3794 yn
1473 3708 1891 3793 dyscryqyans
1933 3703 2251 3789 (incidisti
2296 3705 2629 3770 admodum
2674 3705 2742 3769 in
2772 3705 3113 3774 infidelita-

177 3804 334 3890 tem)
375 3803 460 3871 R.
492 3807 680 3872 1470.
713 3811 895 3876 1513.
931 3811 1124 3890 1516;
1177 3817 1458 3876 ceterum
1501 3807 1879 3894 regulariter
1918 3806 2214 3873 flexum*
2298 3806 2595 3894 Denique
2658 3806 2897 3893 duplici
2942 3829 3113 3872 com-

177 3905 496 3988 positione
539 3907 873 3996 utriusque
912 3909 1152 3976 radicis
1191 3910 1528 3977 formatum
1567 3908 1820 3976 videtur
1859 3907 2077 3973 mbow
2119 3908 2219 3994 (π
2243 3908 2572 3975 naba-ew?
2616 3909 2693 3974 cf.
2726 3910 2961 3975 cambr.
2994 3911 3110 3973 ad-

177 4005 426 4092 nabuO:
467 4029 568 4072 me
607 4032 694 4072 m
734 4009 952 4074 nabow
994 4009 1255 4096 dyouqel
1295 4009 1450 4096 (ego
1491 4009 1648 4075 novi
1691 4031 1838 4076 eum
1880 4008 2114 4096 probe)
2161 4008 2238 4074 R.
2274 4011 2459 4076 2120.

333 4107 700 4195 Aliquanto
739 4110 957 4198 plures
1003 4119 1223 4178 extant
1261 4111 1502 4178 formae
1545 4111 1941 4200 compositae
1984 4132 2131 4176 cum
2172 4112 2391 4178 radice
2434 4115 2514 4196 6.‚
2562 4135 2829 4198 quarum
2872 4135 3113 4198 genera

179 4217 318 4274 sunt
361 4209 526 4276 duo:
590 4210 772 4298 prius
815 4211 918 4297 (a)
959 4213 1359 4299 respondens
1401 4211 1536 4279 fere
1582 4212 1919 4278 cambi-icis
1964 4213 2045 4278 ad
2090 4213 2301 4280 omnia
2340 4223 2633 4299 tempora
2672 4213 2949 4299 pertinet
2988 4236 3109 4279 nec

181 4331 320 4376 vero
363 4319 550 4398 patet
590 4312 760 4378 ultra
800 4321 977 4379 certa
1017 4314 1325 4401 quaedam
1365 4316 1592 4398 verba,
1649 4314 1917 4379 alterum
1960 4313 2067 4399 (b)
2112 4315 2407 4380 comicae
2452 4315 2705 4381 dialecti
2762 4315 3105 4401 proprium,

179 4413 338 4495 quod
395 4435 440 4478 a
478 4412 657 4479 nullo
699 4413 898 4480 verbo
940 4415 1219 4501 regulari
1277 4415 1604 4482 exclusum
1649 4414 1932 4494 videtur,
1984 4414 2069 4482 ad
2110 4415 2303 4482 futuri
2360 4416 2759 4503 potissimum
2802 4417 3109 4501 temporis

179 4511 490 4582 defectum
536 4513 963 4601 supplendum
1006 4517 1359 4583 adhibetur.

331 4613 482 4682 Fut.
513 4615 722 4702 prim„
769 4617 938 4702 quod
969 4616 1330 4706 praesentis
1357 4617 1564 4685 forma
1590 4617 2009 4705 significatur,
2042 4642 2137 4705 sg.
2176 4621 2231 4683 1.
2268 4641 2468 4705 pera:
2518 4643 2575 4685 a.
2606 4641 2751 4685 mar
2776 4643 2861 4707 ny
2889 4621 3105 4687 woche-

166 4719 284 4802 s⁰s
302 4719 465 4805 (leg.
493 4719 832 4805 wofetltas)
860 4719 972 4808 ple
999 4719 1162 4786 theth
1187 4741 1310 4805 pen
1335 4721 1729 4808 quhterneth
1770 4720 1863 4803 (si
1889 4721 2195 4803 nesciam,
2241 4742 2367 4805 quo
2397 4721 2627 4787 abierit
2654 4734 2850 4809 caput
2873 4723 3107 4809 regali·-

301 4941 328 4971 ‘
365 4947 422 4995 3.
451 4957 590 5010 pern.
627 4942 759 5012 sing.
792 4939 966 5011 yellus
1001 4941 1059 4998 P.
1085 4944 1203 5004 245,
1232 4943 1282 4993 3.
1317 4943 1435 5006 255,
1461 4945 1510 4995 3.
1547 4940 1608 4995 D.
1627 4946 1782 4996 2610.
1807 4945 1959 4994 3018.
1998 4941 2058 4995 Ο.
2086 4945 2202 4995 253.
2236 4947 2383 4996 1097.
2418 4945 2561 4996 1627.
2602 4947 2753 4997 2764.
2800 4943 2863 4997 R.
2888 4949 2953 4997 39
2988 4949 3104 5008 cte„

177 5009 302 5078 plur.
333 5011 548 5082 gabon
583 5010 868 5077 (abierunt)
905 5011 968 5064 B..
993 5015 1122 5074 66ος
1157 5013 1324 5078 praet.
1357 5025 1456 5066 sec.
1489 5011 1636 5094 palae
1672 5013 1842 5076 (ierat)
1880 5010 1938 5064 P.
1963 5015 2083 5074 207,
2107 5015 2167 5076 2;
2206 5016 2311 5080 pte.
2350 5015 2449 5080 prt.
2482 5012 2645 5081 yyllys
2672 5013 3011 5082 (progressus)
3048 5016 3106 5068 Ο.

181 5084 318 5134 1636.
353 5083 498 5134 1382.
535 5081 600 5134 Β.
627 5083 745 5133 809.
786 5083 935 5133 1065.
960 5083 1114 5132 2247.
1137 5081 1297 5143 26153
1335 5093 1413 5146 ac,
1447 5097 1504 5135 m
1539 5080 1782 5144 fallimur,
1817 5083 1865 5131 3.
1902 5079 2033 5148 sing.
2074 5096 2239 5148 praes.
2275 5097 2341 5150 w
2372 5081 2431 5152 yt
2452 5097 2523 5132 an
2539 5089 2655 5151 yyse
2687 5097 2754 5148 yn
2773 5098 2809 5150 y
2832 5080 2944 5134 blas
2981 5084 3107 5147 (non

175 5149 334 5206 intrat
367 5151 544 5204 trahes
577 5150 636 5206 in
669 5149 840 5204 locum
873 5151 1050 5214 suum)
1081 5147 1142 5204 0.
1169 5149 1322 5202 2528.
