3717 5642
542 386 547 391 ’
627 404 791 468 1010
854 406 1027 467 (1013.
1057 404 1206 465 1014>
1280 420 1649 467 APPENDIX.
1736 418 2067 467 sracman
2113 418 2394 467 comols·
2421 416 2774 465 maumam
2813 416 3154 465 miscui-11
3195 414 3292 463 sc.

622 598 753 671 tur,
814 599 1242 655 consonantes
1287 588 1704 675 appellantur.
1794 588 1956 653 Sunt
2005 588 2200 673 igitur
2249 589 2510 655 vocales
2559 610 2818 653 numero
2875 586 3188 673 quinque,
3245 608 3285 649 a
3305 606 3342 649 e
3369 583 3450 649 io
3483 607 3533 646 ιι.

622 689 875 757 Utimur
918 702 1125 757 autem
1170 691 1362 755 etiam
1389 712 1432 775 y
1474 689 1685 755 vocali
1730 712 2100 775 graecorum
2141 690 2339 757 causa
2364 690 2706 758 nominum.
2797 686 3302 755 Consonantium
3331 694 3526 749 autem

621 793 787 859 aliae
830 803 979 859 sunt
1021 791 1459 872 semivocales,
1506 791 1669 857 aliae
1710 801 1940 859 mutae.
2027 790 2460 860 Semivocales
2493 803 2658 873 sunt,
2703 802 2776 856 ut
2815 791 3141 877 plerisque
3167 787 3525 857 Latinorum

619 894 879 979 placuit,
931 904 1196 979 septem,
1241 892 1273 957 f
1293 894 1318 957 1
1344 914 1407 957 m
1435 916 1532 958 nr
1564 916 1597 959 s
1626 916 1693 958 x.
1778 893 1908 961 Sed
1949 894 1981 959 f
2027 895 2246 961 multis
2291 895 2498 961 modis
2543 894 2899 961 ostenditur
2953 904 3128 957 muta
3167 890 3404 975 magis,
3463 888 3530 950 de

620 1018 746 1081 qua
784 1005 935 1082 post
978 996 1363 1062 docebimus.
1448 995 1499 1061 Z
1544 1017 1797 1082 quoque
1840 995 2075 1061 utimur
2115 996 2186 1061 in
2229 998 2478 1083 graecis
2523 995 2928 1061 dictionibus.
3019 992 3158 1058 Hae
3199 1014 3373 1073 ergo,
3419 989 3528 1053 hoc

620 1106 735 1180 est,
782 1098 1218 1179 semivocales,
1266 1106 1573 1182 quantum
1600 1098 1944 1163 vincuntur
1987 1120 2026 1163 a
2053 1099 2403 1183 vocalibus,
2419 1103 2436 1135 ¹
2489 1110 2730 1165 tanatum
2762 1104 3066 1183 superant
3093 1104 3320 1159 mutas.
3390 1091 3528 1156 Ideo

616 1199 787 1285 apud
830 1198 1118 1267 Graecos
1164 1198 1417 1285 quidem
1460 1221 1679 1265 omnes
1726 1199 2042 1265 dictiones
2087 1200 2190 1266 vel
2233 1202 2302 1265 in
2343 1202 2602 1277 vocales
2644 1199 2750 1264 vel
2791 1199 2862 1263 in
2891 1195 3336 1275 semivocales,
3382 1214 3527 1279 quae

623 1301 1006 1367 secundam²
1056 1301 1295 1367 habent
1336 1300 1733 1385 euphoniam,
1782 1301 2112 1382 desinunt,
2160 1325 2348 1388 quam
2389 1325 2512 1369 nos
2556 1302 3005 1369 sonoritatem⁸
3057 1318 3404 1383 possumus
3449 1295 3526 1359 di-

617 1425 791 1485 cere,
857 1403 1026 1489 apud
1066 1402 1335 1469 Latinos
1392 1412 1599 1469 autem
1644 1424 1723 1467 ex
1767 1402 2042 1468 maxima
2083 1413 2290 1489 parte,
2349 1426 2480 1470 non
2534 1415 2746 1469 tamen
2792 1423 3034 1467 omnes.
3120 1398 3530 1463 Inveniuntur

618 1505 788 1570 enim
834 1505 1143 1590 quaedam
1188 1504 1379 1570 etiam
1422 1504 1489 1567 in
1515 1514 1725 1569 mutas
1771 1505 2160 1571 desinentes.
2249 1506 2679 1572 Semivocales
2723 1514 2934 1571 autem
2981 1510 3134 1568 sunt
3161 1498 3524 1587 appellatae,

618 1628 782 1691 quae
828 1607 1077 1692 plenam
1125 1629 1351 1672 vocem
1394 1628 1523 1671 non
1565 1604 1870 1687 habent,⁴
1932 1618 2002 1673 ut
2059 1607 2378 1673 semideos
2433 1616 2496 1672 et
2539 1607 2868 1673 semiviros
2924 1604 3321 1691 appellamus
3341 1652 3360 1679 ,
3417 1620 3524 1663 non

615 1708 725 1793 qui
770 1708 1095 1773 dimidiam
1136 1718 1379 1804 partem
1421 1705 1659 1772 habent
1701 1708 1960 1773 deorum
2002 1710 2110 1775 vel
2137 1710 2433 1789 virorum,
2479 1709 2597 1775 sed
2639 1709 2747 1796 qui
2775 1707 2952 1795 pleni
2995 1705 3085 1771 dii
3127 1704 3235 1769 vel
3265 1702 3385 1767 viri
3417 1722 3528 1765 non

616 1813 819 1875 sunt-'³
913 1809 1225 1895 Reliquae
1266 1818 1415 1874 sunt
1454 1818 1685 1890 mutae,
1730 1817 1802 1873 ut
1844 1810 2228 1895 quibusdam
2269 1810 2548 1893 videtur,
2593 1831 2856 1877 numero
2899 1829 3164 1887 novem,
3220 1805 3262 1869 b
3293 1825 3328 1869 c
3365 1802 3406 1867 d
3433 1826 3472 1888 g
3495 1802 3527 1865 h

612 1912 659 1977 k
687 1934 729 1998 p
762 1932 799 1995 q
836 1922 880 1976 t.
967 1910 1056 1975 Et
1100 1918 1278 1989 sunt,
1330 1910 1441 1996 qui
1492 1932 1623 1975 non
1667 1912 1830 1977 bene
1891 1910 2009 1977 hoc
2063 1934 2295 1977 nomen
2351 1923 2580 1999 putant
2635 1932 2746 1977 eas
2803 1909 3170 1995 accepisse,
3225 1928 3372 1972 cum
3425 1905 3528 1969 hae

619 2035 872 2099 quoque
915 2034 1067 2099 pars
1112 2012 1244 2077 sint
1282 2012 1492 2093 vocis;
1540 2012 1649 2097 qui
1676 2012 2027 2094 nesciunt,⁶
2081 2013 2254 2097 quod
2296 2014 2378 2078 ad
2407 2013 2940 2099 comparationem
2983 2014 3148 2077 bene
3181 2008 3526 2074 sonantium

613 2114 705 2179 ita
748 2115 880 2179 sint
920 2112 1280 2180 nominatae
1298 2162 1315 2193 ,
1362 2113 1539 2179 velut
1579 2112 1868 2180 informis
1912 2113 2146 2178 dicitur
2186 2114 2412 2179 mulier
2428 2118 2482 2195 ,⁷
2532 2136 2664 2180 non
2709 2138 2872 2201 quae
2919 2122 3094 2179 caret
3133 2111 3376 2188 forma,
3429 2107 3528 2173 sed

612 2236 775 2301 quae
818 2216 982 2280 male
1043 2224 1143 2280 est
1180 2214 1478 2295 formata,
1541 2223 1606 2279 et
1644 2214 1943 2301 frigidum
1988 2216 2260 2281 dicimus
2307 2238 2479 2296 eum,
2539 2216 2649 2301 qui
2691 2239 2822 2281 non
2865 2216 3122 2301 penitus
3169 2232 3404 2297 expers
3445 2219 3530 2273 est

576 2394 589 2403 ‚
614 2315 903 2397 caloris,⁸
954 2316 1071 2381 sed
1116 2316 1225 2401 qui
1270 2315 1529 2381 minimo
1574 2314 1697 2380 hoc
1727 2314 1938 2381 utitur.
2029 2314 2140 2403 Sic
2181 2316 2376 2402 igitur
2418 2317 2610 2382 etiam
2651 2328 2876 2396 mutas,
2920 2338 3054 2381 non
3087 2336 3255 2399 quae
3285 2313 3529 2377 omnino

611 2439 773 2483 voce
818 2428 1052 2498 carent,
1102 2417 1215 2482 sed
1262 2438 1425 2501 quae
1468 2417 1766 2500 exiguam
1808 2425 2052 2501 partem
2083 2418 2262 2483 vocis
2307 2417 2562 2484 habent.
2657 2418 2932 2484 Vocales
2979 2416 3174 2481 etiam
3217 2416 3390 2501 apud
3416 2414 3528 2478 La-

504 2538 511 2548 ·
606 2518 779 2585 tinos
825 2541 1045 2584 omnes
1090 2527 1239 2583 sunt
1280 2516 1631 2603 ancipites⁹
1684 2516 1789 2581 vel
1829 2516 2209 2601 liquidae,¹⁰
2261 2520 2384 2585 hoc
2430 2529 2547 2599 est,
2596 2541 2758 2605 quae
2799 2517 2988 2583 facile
3039 2518 3229 2582 modo
3273 2516 3530 2602 produci

606 2621 793 2684 modo
854 2620 1087 2705 corripi
1140 2628 1441 2706 possunt,
1499 2618 1667 2682 sicut
1716 2617 1904 2682 etiam
1961 2618 2133 2704 apud
2177 2620 2660 2705 antiquissimos
2717 2630 2900 2685 erant
2940 2616 3340 2685 Graecorum
3396 2626 3530 2679 ante

606 2721 1041 2787 inventionem
1098 2744 1135 2805 η
1184 2729 1250 2786 et
1293 2742 1344 2781 ω
1366 2717 1459 2800 ,¹¹
1529 2718 1762 2804 quibus
1814 2719 2096 2785 inventis
2151 2743 2180 2782 ε
2227 2730 2290 2786 et
2333 2744 2401 2802 n,
2458 2743 2624 2807 quae
2679 2730 2826 2787 ante
2881 2720 3198 2805 ancipites
3258 2724 3486 2797 erant,¹
3508 2720 3524 2750 ²

604 2829 1073 2888 remanserunt¹
1096 2826 1119 2865 ³
1170 2831 1477 2908 perpetuo
1508 2821 1803 2902 breves,¹
1822 2823 1848 2861 ⁴
1904 2842 2046 2885 cum
2078 2844 2288 2887 earum
2317 2822 2771 2908 productamm
2800 2821 2943 2887 loca
2971 2842 3284 2907 possessa
3311 2826 3482 2885 sunt¹
3501 2822 3522 2857 ·'·

606 2946 647 2987 a
689 2923 1072 3009 supradictis
1117 2922 1447 2987 vocalibus
1502 2943 1753 3007 semper
1799 2919 2068 3005 longis-¹
2165 2920 2328 2987 Sunt
2373 2923 2566 2989 etiam
2621 2922 2692 2988 in
2735 2920 3242 2989 consonantibus
3287 2921 3526 3005 longae,

606 3033 675 3089 ut
716 3034 873 3110 puta
920 3024 1222 3111 duplices
1267 3048 1309 3087 x
1354 3032 1419 3087 et
1460 3046 1515 3087 z.
1606 3020 1792 3089 Sicut
1835 3023 2004 3087 enim
2047 3022 2280 3109 longae
2323 3024 2612 3105 vocales,
2675 3023 2772 3089 sic
2815 3022 2936 3088 hae
2979 3044 3241 3107 quoque
3285 3023 3528 3107 longam

604 3124 851 3190 faciunt
896 3126 1227 3212 syllabam.
1317 3122 1481 3189 Sunt
1526 3124 1821 3190 similiter
1865 3124 2183 3210 ancipites
2228 3126 2337 3191 vel
2378 3125 2698 3211 liquidae,
2744 3134 2816 3187 ut
2854 3123 2878 3187 1
2922 3132 2987 3188 et
3027 3146 3088 3203 r,
3137 3145 3310 3208 quae
3351 3124 3531 3187 modo

604 3227 861 3311 longam
918 3227 1104 3291 modo
1150 3229 1407 3291 brevem
1458 3233 1607 3311 post
1650 3235 1861 3293 mutas
1905 3226 2161 3312 positae
2217 3226 2287 3291 in
2331 3226 2556 3292 eadem
2599 3226 2850 3311 syllaba
2901 3222 3151 3289 faciunt
3205 3225 3528 3310 syllabam.

604 3326 728 3391 His
776 3327 1033 3412 quidam
1080 3327 1323 3393 addunt
1364 3349 1495 3391 non
1539 3325 2064 3391 irrationabiliter
2108 3352 2164 3391 m
2213 3336 2280 3391 et
2317 3351 2394 3408 n,
2442 3328 2594 3413 quia
2634 3327 2820 3413 ipsae
2861 3348 3123 3410 quoque
3169 3347 3532 3391 communes

603 3427 849 3492 faciunt
892 3428 1173 3513 syllabas
1231 3438 1380 3513 post
1422 3438 1629 3491 mutas
1686 3427 1970 3512 positae,
2028 3428 2200 3513 quod
2244 3428 2641 3495 diversorum
2697 3427 3104 3493 confirmatur
3159 3429 3528 3494 auctoritate

601 3532 763 3595 tam²
816 3527 1207 3595 Graecorum
1259 3532 1481 3615 quam-⁹·
1531 3526 1926 3593 Latinorum.
2016 3528 2291 3596 Ovidius
2335 3530 2402 3595 in
2447 3530 2692 3595 decimo
2731 3528 3369 3614 Metamorphoseon:
3431 3530 3532 3593 Pi-

604 3653 982 3717 scosamque
1011 3629 1293 3709 Gnidon,
1340 3630 1793 3716 gravidamque
1820 3629 2216 3696 Amathunta
2243 3630 2536 3697 metallis.
2622 3630 2970 3715 Euripides
3014 3630 3083 3693 in
3111 3628 3532 3697 Phoenissis:

598 3722 862 3815 'Imivyt‘
922 3726 1111 3807 ἔταξε
1170 3722 1305 3791 κατ’
1370 3722 1666 3813 ἀριθμὸν
1722 3724 2016 3812 διώρισε.
2115 3732 2296 3797 Idem
2352 3734 2420 3797 in
2475 3731 2732 3798 iisdem:
2795 3723 3332 3813 Ἀπιειλόμεσθα,
3399 3728 3530 3793 δι’-ω

606 3830 788 3895 κακὼ
836 3827 1164 3907 σπεύδεις,
1213 3832 1457 3896 τέκνον.
1546 3832 1882 3897 Invenitur
1923 3843 2136 3898 tamen
2181 3835 2376 3898 etiam
2417 3838 2514 3897 m⁴
2565 3841 2715 3898 ante
2757 3856 2802 3897 n
2845 3833 3160 3917 positum,
3221 3856 3340 3899 nec
3387 3857 3532 3921 pro-

601 3937 843 4001 ducens
889 3944 1034 3999 ante
1080 3955 1150 3999 se
1181 3934 1467 3999 vocalem
1508 3955 1685 3999 more
1712 3942 2047 3999 mutarum.
2126 3931 2588 4001 Callimachus:
2645 3930 2790 4008 Τιὸς
2830 3930 2951 4011 μὲν
2997 3925 3034 3993 ὁ
3069 3930 3534 4015 Μνησᾰρχεως

600 4030 729 4120 ἔφη
778 4032 959 4109 ξένος
1002 4018 1129 4095 ὧδε
1177 4034 1478 4099 συναινῶ.
1718 4032 1729 4043 “

728 4194 735 4203 .
774 4133 932 4221 Cap.
980 4132 1095 4199 IV.
1182 4136 1376 4221 Apud
1419 4136 1900 4221 antiquissimos
1945 4135 2338 4202 Graecorum
2381 4158 2512 4201 non
2553 4136 2699 4222 plus
2745 4136 3022 4202 sedecim
3068 4148 3252 4201 erant
3289 4135 3532 4208 literae.

600 4237 831 4323 quibus
892 4238 973 4301 ab
1016 4235 1145 4302 illis
1190 4236 1474 4322 acceptis
1516 4236 1731 4302 Latini
1789 4238 2226 4322 antiquitatem
2271 4248 2692 4303 servaverunt
2742 4242 3173 4323 perpetuam.⁵
3264 4238 3440 4303 Nam
3481 4239 3530 4303 si

598 4630 627 4678 3
694 4560 933 4677 stab-1
984 4558 1035 4611 ,ιζ
1082 4557 1216 4609 semi.
1265 4557 1315 4611 ,ιζ
1362 4554 1493 4609 noch
1534 4555 1701 4609 ismeh't
1728 4556 2104 4625 fornziaislich.
2145 4556 2242 4611 εόη
2321 4564 2352 4611 2
2400 4557 2451 4613 ,ιζ
2499 4556 2756 4611 isthmius
2799 4557 2999 4612 ιάπαιζςο
3041 4558 3288 4631 indeym'd
3329 4568 3532 4632 ἠρυιωε

664 4642 715 4679 ‚a
874 4640 955 4677 ms

732 4700 765 4745 4
814 4695 890 4757 (in
928 4694 1107 4763 marg.)
1141 4692 1234 4765 vNi
1266 4691 1441 4745 arindi
1474 4690 1569 4744 bed
1602 4692 1699 4745 leth
1735 4692 1914 4761 riqotleo
1950 4693 2112 4747 nobed
2153 4694 2396 4747 indibsem
2441 4714 2488 4765 q.
2535 4694 2788 4751 ishm‘lliu.
2821 4710 2862 4749 ε.
2897 4714 2947 4765 q.
2981 4696 3186 4765 plenam
3220 4714 3404 4753 uocem
3441 4717 3532 4752 noa

595 4762 777 4815 habent
821 4766 955 4815 sicut
998 4762 1202 4814 uocales
1290 4766 1320 4815 5
1373 4762 1421 4815 ,ιζ
1468 4770 1544 4814 tre
1580 4760 1811 4815 thesbaid
1840 4762 1994 4815 mich
2029 4762 2158 4815 baill
2188 4762 2444 4817 dinddeilb
2531 4768 2563 4817 6
2601 4764 2652 4817 ,ιζ
2688 4762 2827 4818 hithe
2859 4763 3218 4819 dodmaimmr
3251 4768 3394 4820 ἰκεόι
3431 4768 3534 4821 M

595 4850 643 4902 q.
677 4846 724 4885 r.
800 4838 827 4883 ’1
864 4832 916 4883 ,ιζ
954 4828 1376 4899 mickrutlzaiqtlae
1447 4836 1474 4882 8
1512 4830 1561 4883 ,ιζ
1598 4830 1761 4884 ιἠιεεα

734 4902 765 4950 9
813 4900 862 4953 ,ιζ
911 4906 1015 4952 eter
1034 4900 1125 4967 fot
1164 4904 1190 4949 7
1262 4900 1347 4950 air
1424 4906 1483 4951 10
1518 4900 1592 4963 (in
1628 4902 1808 4967 marg.)
1846 4898 1894 4950 ,ιζ
1933 4899 2006 4951 hit
2043 4898 2322 4953 lechdaclza
2359 4901 2510 4954 lesom
2545 4902 2692 4953 intan
2723 4901 3020 4954 nddtechtat
3053 4900 3175 4955 aoht
3207 4904 3292 4955 οίιι
3335 4908 3528 4957 aia-se.

596 4969 798 5037 &sollus
834 4968 949 5021 asin
984 4976 1069 5021 tra
1104 4984 1209 5019 nan
1280 4969 1414 5019 αὲηιῐι
1455 4974 1481 5020 7
1518 4968 1661 5019 nand
1693 4967 1958 5020 cumaelate
1993 4968 2130 5037 layas
2165 4968 2230 5021 do
2269 4968 2566 5037 lec-ladaqaib
2601 4970 2724 5023 aclae
2758 4970 3069 5023 &airhsemd
3099 4980 3256 5024 πωῒια

738 5045 787 5087 ιι
850 5038 899 5089 ,ιζ
936 5038 1173 5089 renairec
1207 5035 1289 5088 cita
1328 5042 1353 5087 7
1394 5060 1433 5085 m
1530 5044 1589 5087 12
1636 5038 1686 5089 ,ιζ
1726 5036 1988 5089 cot'tclzena
2022 5038 2158 5088 ria-m
2192 5045 2295 5091 ster
2315 5038 2408 5106 sot
2447 5046 2472 5090 7
2505 5042 2628 5108 yat'r
2718 5046 2777 5093 13
2817 5040 2869 5093 ,ιζ
2907 5039 3282 5093 dmm-thaem-
3393 5052 3450 5097 Η
3483 5048 3528 5096 ,ιζ

597 5104 699 5157 bitk
730 5104 946 5173 qairddi
967 5104 1061 5155 ιόη
1096 5106 1147 5158 ,ιζ
1184 5122 1232 5167 ε,
1262 5112 1289 5155 7
1328 5122 1356 5155 o
1432 5110 1490 5155 15>
1530 5107 1582 5159 ,ιζ
1619 5104 1815 5157 indlut‘c
1848 5104 2067 5157 lambitis
2104 5106 2304 5159 air-divi
2341 5123 2382 5159 ,e
2419 5113 2446 5159 7
2485 5124 2515 5160 ο

730 5175 828 5237 (5¹³)
901 5180 924 5225 1
976 5174 1030 5224 ,ιζ
1066 5172 1169 5223 bitin
1190 5172 1338 5240 sotei
1368 5172 1475 5224 side
1544 5180 1572 5225 :2
1622 5174 1671 5226 ,ιζ
1708 5172 1857 5225 emith
1929 5178 1958 5225 3
1995 5174 2146 5226 emitlt
2263 5174 2420 5227 σι’ὴὲιή
2464 5176 2590 5227 mm
2659 5182 2689 5230 5
2736 5178 2786 5229 .i.
2824 5176 3036 5231 suthala
3069 5177 3184 5231 dan
3223 5179 3278 5231 la
3319 5179 3532 5235 leit-uri
