3717 5642
602 395 726 460 806
795 396 936 457 (771.
962 396 1082 458 772)
1149 392 1226 458 V.
1279 397 1332 460 1.
1405 411 1774 460 υΕιιῐνΑτιο
1811 411 2097 459 eanum
2142 411 2233 458 nr
2272 409 2645 459 mssaach
2688 413 3019 460 munium.

604 580 744 645 sine
789 580 982 646 dubio
1019 581 1140 646 fuit
1181 589 1506 664 correpta,
1569 590 1636 644 ut
1677 583 1740 646 in
1787 581 2183 648 Caeracates
2227 579 2337 662 (cs.
2386 580 2513 646 bib.
2562 589 2684 645 vet.
2734 581 3101 660 edirchuide,
3148 581 3233 665 gl.
3281 583 3517 650 ovinus.

605 703 640 745 e
683 683 879 760 ca‘ira,
920 681 1187 760 cdiv-ach,
1231 680 1402 764 ovis)
1447 679 1597 744 Tac.
1630 681 1802 748 Hist.
1833 685 1893 763 4,
1928 686 2030 766 70,
2072 683 2345 746 fortasse
2388 682 2454 745 in
2489 683 2809 766 pluribus:
2848 673 3087 742 ’'lcrcrxa
3134 683 3311 768 (fluv.
3343 683 3520 759 Brit.;

603 782 678 847 Of·
719 773 990 860 ''Ossoxa
1035 782 1228 866 infra)
1286 781 1451 846 Ptol.
1530 777 1874 863 Κορνακόν
1919 783 2164 870 (oppid.
2212 781 2530 862 Pannon.3
2594 782 2673 848 cf.
2724 781 3014 850 Cornaco
3076 785 3145 848 in
3188 807 3349 872 pago
3392 786 3521 849 Ma-

605 894 918 964 tascense,
964 883 1206 950 Renov.
1252 892 1396 948 test.
1443 881 1738 949 Abbonis
1775 885 1926 950 circ.
1961 907 2015 950 a.
2048 886 2191 966 805,
2223 884 2468 948 Mabill.
2502 884 2654 968 dipl.
2700 907 2761 969 p.
2795 885 2948 968 508)
2982 885 3143 950 Ptol.
3210 883 3525 959 Σευιίεκες

607 988 785 1068 (pop.
843 984 1092 1068 Noric.)
1136 983 1301 1049 Ptol.
1369 983 1606 1049 Levaci
1640 984 1848 1066 Caes.,
1896 987 2267 1071 plerumque
2308 994 2523 1050 tamen
2568 985 2685 1048 fuit
2728 986 3035 1070 producta
3080 995 3147 1050 ut
3189 987 3256 1050 in
3300 987 3521 1051 formu-

605 1085 687 1150 lis
727 1077 934 1166 AGA,
967 1071 1191 1152 IACA
1231 1085 1784 1170 frequentissimis,
1832 1087 1912 1150 de
1944 1088 2173 1171 quibus
2201 1109 2352 1151 mox
2380 1086 2642 1150 dicetur.
2704 1085 2881 1152 EC-:
2930 1087 3239 1152 Turecum
3272 1089 3521 1172 (nomen

607 1203 924 1258 vetustum
968 1187 1247 1253 civitatis
1291 1183 1579 1265 Helvet.;
1627 1187 1702 1253 cf.
1749 1187 2257 1267 Tureciom'cum,
2310 1187 2636 1270 Allobrog.
2682 1187 2823 1266 loc.,
2872 1187 2939 1251 in
2984 1187 3141 1252 Tab.
3178 1189 3283 1271 Ρ.)
3330 1190 3527 1254 Inscr.

613 1293 751 1361 lC-:
799 1290 1101 1358 Casticus
1132 1286 1531 1372 (Sequanus)
1563 1285 1750 1357 Caes.
1819 1287 2191 1368 Aremorici,
2239 1287 2601 1352 Arecomici
2636 1287 2827 1354 Caes.
2884 1282 3139 1354 Raurici
3172 1288 3338 1354 Plin.
3374 1290 3521 1355 Ptol.

613 1393 892 1462 Raurica
933 1391 1135 1455 Inscr.
1183 1387 1378 1454 Orell.
1423 1391 1566 1454 432.
1610 1393 1750 1456 590.
1811 1391 2091 1456 Urbicus
2136 1388 2332 1471 (nom.
2368 1389 2516 1468 viri,
2577 1389 2654 1454 cf.
2702 1389 3069 1475 Urbigenus
3124 1413 3267 1476 pag.
3309 1391 3522 1467 Caes)

619 1500 821 1563 Inscr.
867 1491 1066 1559 Orell.
1100 1493 1245 1555 459.
1277 1491 1463 1555 4018.
1513 1489 1711 1569 Steiu.
1745 1494 1845 1557 42.
1914 1490 2145 1556 Helico
2191 1490 2305 1573 (ex
2351 1489 2668 1555 Helvetiis
2714 1491 2905 1562 civis)
2952 1489 3113 1555 Plin.
3162 1495 3259 1570 12,
3302 1498 3351 1557 1.
3422 1492 3525 1556 Di—

614 1601 758 1664 vico
805 1595 995 1662 Caes.
1065 1591 1378 1659 Bellicius
1423 1595 1618 1674 (nom.
1663 1592 1815 1677 viri)
1859 1593 2058 1658 Inscr.
2106 1591 2303 1657 Orell.
2347 1595 2489 1657 497.
2534 1593 2717 1659 2776.
2786 1593 3089 1677 Argicius
3136 1595 3382 1658 Auson.
3425 1618 3525 1678 pa-

609 1711 770 1766 rent.
802 1701 859 1761 4.
929 1694 1347 1773 Cuticiacum,
1396 1693 1845 1760 Cuticiacense
1888 1695 2213 1780 praedium
2260 1693 2777 1779 (supponendum
2807 1715 3034 1758 nomen
3066 1694 3185 1758 viri
3220 1693 3534 1776 Cuticius)

613 1803 833 1867 Sidon.
883 1797 1069 1883 epist.
1104 1799 1166 1876 3,
1204 1799 1256 1858 1.
1331 1793 1603 1863 Riticius
1649 1798 1880 1884 (episc.
1926 1795 2405 1879 Augustodun.)
2452 1794 2649 1878 Greg.
2686 1793 2835 1858 Tur.
2882 1796 2963 1859 de
3006 1796 3090 1880 gl.
3138 1797 3304 1862 conf.
3352 1819 3403 1862 c.
3440 1799 3529 1860 75.

609 1905 688 1969 In
734 1898 1128 1967 derivatione
1169 1898 1514 1962 cumulata:
1571 1898 1883 1964 Vindelici
1926 1895 2147 1962 Horat.
2193 1897 2542 1962 Avaricum
2586 1895 2773 1960 Caes.
2824 1894 2962 1959 ltin.
3008 1897 3164 1967 Ant.
3212 1899 3537 1962 Autricum

479 1997 488 2021 ‘
613 2005 780 2071 Ptol.
839 2000 994 2067 Tab.
1044 1996 1114 2061 P.
1172 1997 1443 2083 (oppida
1486 1998 1737 2065 Galliae
1787 1999 2116 2064 nominata
2170 2021 2207 2062 a
2248 1997 2461 2062 fluviis
2505 1996 2755 2074 Avara‚
2815 1998 3088 2076 Autara,
3156 1999 3305 2064 hod.
3356 1999 3530 2076 Evre,

613 2103 838 2187 Eure).
904 2099 1280 2164 Minaticum
1311 2099 1511 2183 (Gall.
1543 2101 1697 2184 loc.)
1730 2100 1875 2164 Itin.
1910 2103 2061 2164 Ant.
2132 2098 2517 2176 Aventicum
2560 2097 2844 2182 (Helvet.
2880 2098 3101 2184 caput)
3132 2098 3288 2165 Tac.
3364 2100 3539 2167 OC-:

611 2197 864 2285 Ὀβόκα
912 2202 1090 2286 (fluv.
1136 2201 1322 2287 Hib.)
1367 2201 1532 2266 Ptol.
1599 2202 2061 2269 Durocobrivis
2110 2202 2296 2285 (Brit.
2342 2200 2493 2279 loc.;
2542 2200 2580 2262 i.
2618 2223 2673 2265 e.
2722 2203 2883 2285 pon's
2933 2200 3268 2282 Durocae3
3314 2205 3393 2268 cf.
3438 2205 3543 2268 Sa-

618 2304 974 2373 marobriva
1027 2301 1249 2389 Caes.)
1307 2304 1444 2372 ltin.
1491 2305 1642 2368 Ant.
1709 2304 1967 2370 Bibroci
2014 2304 2194 2370 Caes.
2301 2301 2479 2368 UC-:
2542 2297 2831 2382 ‘servom'x
2886 2302 3118 2385 (herba
3178 2305 3547 2389 gladiatoria

620 2406 863 2491 Gallis)
918 2405 1212 2472 Dioscor.
1255 2409 1314 2486 4,
1357 2407 1456 2468 99.
1534 2406 1798 2488 Sunuci,
1863 2407 2183 2472 Aduatuci
2248 2403 2429 2491 (pop.
2474 2405 2672 2488 belg.)
2734 2403 2901 2468 Plin.
2956 2401 3145 2469 Caes.
3232 2405 3544 2493 Sparucus

623 2505 1007 2595 (Tribccus)
1053 2505 1254 2574 Inscr.
1305 2505 1500 2573 Orell.
1535 2509 1718 2573 3408.
1787 2508 2055 2573 Banuca
2097 2506 2293 2591 (nom.
2343 2507 2518 2588 fem.)
2568 2505 2761 2571 Orell.
2798 2509 2981 2570 4900.
3053 2506 3314 2573 Rasuco
3360 2509 3547 2574 Orell.

622 2614 809 2676 2775.
885 2607 1188 2674 Visucius
1235 2609 1457 2693 (deus)
1503 2609 1703 2675 Inscr.
1753 2609 1953 2674 Orell.
1989 2612 2171 2674 2067.
2222 2609 2419 2674 Steiu.
2454 2605 2554 2672 63.
2598 2611 2731 2670 131.

797 2710 862 2792 b)
893 2794 913 2810 Α
945 2708 1108 2776 Cum
1153 2711 1480 2776 vocalibus
1535 2711 1883 2795 productis.
1985 2709 2038 2774 F
2040 2711 2571 2796 requentissimae
2630 2719 2779 2772 sunt
2830 2707 3135 2774 formulae
3192 2709 3551 2775 derivantes

628 2803 801 2895 AC-‚
833 2814 1039 2892 IAC-,
1081 2813 1206 2876 iam
1239 2813 1610 2878 statuendae
1654 2813 1719 2876 in
1751 2811 2003 2897 gallicis
2034 2813 2397 2878 nominibus
2428 2811 2727 2875 virorum:
2776 2809 3103 2895 Galgacus
3137 2811 3291 2876 Tac.
3358 2811 3549 2875 Dum-

631 2941 832 2984 nacus
889 2915 1080 2982 Caes.
1167 2913 1526 2998 Neptunus,
1584 2914 1938 3000 Nepitacus
1997 2913 2199 2979 Inscr.
2264 2913 2460 2978 Orell.
2492 2915 2687 2993 4595,
2748 2911 3085 2997 Magiacus
3132 2912 3331 2977 Orell.
3378 2915 3553 2977 4900.

629 3020 1022 3097 Divitiacus,
1085 3014 1446 3080 Valetiacus
1492 3014 1717 3095 Caes.,
1773 3016 1850 3080 ad
1899 3037 2063 3101 quae
2106 3017 2355 3081 accedit
2398 3039 2627 3082 nomen
2688 3014 2909 3100 populi
2954 3011 3323 3098 Segontiaci
3374 3015 3554 3080 Caes.

629 3121 961 3188 Profertur
989 3117 1158 3182 enim
1201 3137 1430 3180 nomen
1471 3117 1800 3182 inventum
1845 3119 1911 3181 in
1958 3118 2375 3203 inscriptione
2419 3127 2671 3182 vetusta
2700 3128 2763 3180 et
2808 3115 2976 3200 apud
3006 3113 3161 3180 Tac.
3210 3115 3557 3180 Caratacus

635 3223 805 3310 apud
849 3221 1126 3308 populos
1171 3217 1566 3284 britannicos
1609 3218 1804 3283 medii
1852 3220 1995 3284 aevi
2040 3220 2475 3304 pervulgatum
2534 3219 2842 3304 producta
2880 3217 3087 3282 vocali
3130 3217 3420 3280 finientis
3464 3219 3561 3280 de-

629 3323 964 3389 rivationis
1032 3320 1170 3406 (pp.
1215 3321 1273 3383 4.
1318 3320 1418 3385 82.
1463 3320 1562 3382 94.
1605 3320 1737 3402 95).
1850 3319 2217 3386 Concordat
2273 3341 2503 3384 nomen
2566 3318 2887 3398 BenacuS,
2945 3319 3052 3382 vix
3107 3341 3237 3384 non
3300 3319 3561 3403 gallicae

635 3425 920 3510 originis,
969 3431 1034 3489 et
1077 3421 1202 3486 alia
1245 3421 1418 3505 apud
1462 3429 1710 3486 veteres
1756 3429 1982 3506 potstas
2028 3421 2120 3507 (p.
2158 3421 2284 3504 15).

802 3525 1054 3590 Passim
1101 3523 1512 3586 inveniuntur
1567 3523 1822 3587 eaedem
1868 3523 2174 3587 formulae
2234 3545 2378 3586 cum
2420 3521 2865 3586 terminatione
2918 3521 3180 3604 generis
3236 3519 3447 3584 neutri
3504 3519 3557 3581 in

632 3626 996 3693 nominibus
1063 3625 1348 3689 locorum
1415 3623 1664 3708 gallicis
1729 3634 1856 3688 tam
1920 3634 2127 3688 aetate
2188 3623 2621 3688 Romanorum
2688 3643 2877 3706 quam
2930 3623 3305 3686 recentiore.
3412 3620 3561 3686 Sub-

635 3750 783 3794 esse
823 3726 924 3792 his
967 3727 1226 3790 nomina
1266 3725 1560 3804 virorum,
1608 3725 1715 3810 qui
1759 3726 1966 3805 villas,
2014 3727 2210 3803 vicos,
2258 3725 2496 3810 oppida
2535 3721 2961 3788 condiderunt
3006 3723 3107 3786 vel
3140 3723 3559 3807 possederunt.

633 3830 897 3914 (eodem
945 3827 1128 3892 modo
1175 3849 1300 3911 quo
1331 3826 1694 3891 nominibus
1739 3827 2021 3891 locorum
2051 3827 2431 3912 germanicis
2477 3825 2544 3888 in
2572 3825 2771 3908 -inya,
2821 3825 3065 3908 -inquen
3108 3823 3275 3908 ipsis
3316 3843 3558 3908 quoque

637 3928 1208 4016 frequentissimis)
1273 3936 1450 4013 patet
1517 3949 1551 3991 e
1597 3927 2052 3992 vetustioribus
2106 3927 2514 4012 quibusdam:
2574 3923 2935 3990 Turnacum
3002 3925 3179 4008 (bod.
3228 3923 3554 4006 Toumay:

639 4031 914 4111 Turnus,
967 4053 1130 4094 nom.
1179 4029 1298 4093 viri
1340 4029 1408 4092 in
1455 4026 1673 4094 Sidon.
1721 4028 1905 4112 epist.
1946 4030 2007 4108 4,
2050 4028 2189 4111 24),
2235 4028 2651 4092 Nemetacum
2704 4027 2857 4109 (loc.
2906 4026 3103 4110 belg.;
3168 4026 3249 4090 cf.
3298 4027 3557 4089 virorum

638 4133 900 4198 nomina
945 4129 1178 4207 Ninia,
1246 4128 1460 4192 Nemee
1513 4150 1616 4214 pp.
1661 4129 1761 4192 85.
1807 4129 1919 4212 87)
1964 4127 2119 4193 Tab.
2166 4127 2347 4192 Peut.
2406 4127 2553 4191 Itin.
2602 4129 2751 4192 Ant.
2826 4127 3161 4190 Avitacum
3210 4127 3559 4212 (praedium

641 4233 854 4316 Aviti)
911 4231 1130 4298 Sidon.
1177 4231 1363 4316 epist.
1405 4230 1463 4312 2,
1509 4231 1564 4293 2.
1631 4229 2033 4294 Brennacum
2078 4227 2437 4310 (Brennus,
2486 4250 2730 4293 nomen
2792 4229 3092 4313 gallicum
3134 4225 3563 4306 notissimum)

637 4337 839 4420 Greg.
886 4334 1032 4398 Tur.
1075 4333 1138 4412 4,
1169 4335 1268 4396 22.
1302 4334 1402 4395 47.
1449 4333 1506 4410 5,
1555 4333 1654 4396 35.
1702 4330 1972 4415 Fredeg.
2006 4334 2106 4394 55.
2172 4329 2513 4409 Iuliacum,
2577 4329 2991 4394 Tiberiacum
3037 4329 3235 4412 (inter
3286 4327 3561 4393 Rhenum

643 4451 710 4502 et
757 4435 1041 4515 Mosam3
1101 4435 1343 4506 Iulius.
1405 4431 1734 4516 Tiberius)
1789 4432 1937 4496 Itin.
2005 4431 2413 4496 Abudiacum
2472 4429 2767 4509 (Raetiae
2823 4427 2973 4506 loc.;
3033 4429 3339 4495 Abudius
3394 4427 3563 4508 Tac.)

651 4537 787 4602 ltin.
857 4536 1268 4604 Catusiacum
1311 4535 1464 4620 (loc.
1513 4533 1707 4618 belg.;
1765 4533 1840 4598 cf.
1890 4533 2130 4598 Catuso
2175 4534 2239 4596 in
2284 4531 2607 4616 inscript,
2658 4553 2716 4614 p.
2765 4531 2920 4613 764)
2988 4531 3135 4594 Itin.
3184 4531 3341 4595 Ant.
3412 4530 3562 4596 Soli·

648 4640 992 4704 mariacum
1047 4639 1197 4724 (loc.
1247 4638 1326 4702 ad
1368 4635 1622 4701 Mosam
1667 4657 2051 4720 supremam3
2106 4635 2185 4698 cf.
2231 4631 2525 4700 Solimari
2570 4630 2654 4695 fil.
2714 4631 2917 4695 Inscr.
2967 4631 3169 4697 Steiu.
3208 4632 3366 4715 324)
3430 4632 3559 4694 ltin.

651 4743 802 4805 Ant.
889 4739 1176 4805 Possunt
1217 4738 1536 4803 interdum
1581 4737 1800 4802 eadem
1845 4735 2064 4800 reduci
2108 4736 2189 4799 ad
2232 4736 2494 4799 deorum
2540 4732 2641 4796 vel
2687 4731 2946 4796 dearum
2989 4734 3280 4812 nomina,
3354 4745 3419 4796 ut
3460 4731 3563 4794 hoc-

649 4844 859 4928 ipsum
906 4841 1384 4906 Solimariacum
1439 4841 1520 4902 ad
1567 4838 1976 4914 Solimaram‚
2042 4837 2223 4901 cuius
2264 4835 2449 4901 aedis
2492 4835 2563 4897 fit
2606 4836 2841 4899 mentio
2902 4834 2969 4896 in
3014 4835 3434 4919 inscriptione
3476 4855 3561 4913 ap.

651 4943 851 5009 Orell.
895 4945 1088 5023 2050,
1147 4940 1656 5026 Magontiacum,
1715 4939 2189 5026 Mogontiacum
2251 4941 2332 5002 ad
2382 4938 2573 5000 deum
2620 4935 2987 5019 Mogontem
3048 4937 3203 5018 (deo
3270 4932 3560 5018 Mogonti.

656 5043 853 5109 Inscr.
885 5045 1059 5128 brit.)
1091 5043 1289 5108 Orell.
1323 5043 1510 5122 2026,
1560 5057 1626 5105 ut
1655 5041 2045 5106 Aventicum
2094 5040 2175 5103 ad
2206 5041 2387 5103 deam
2420 5038 2758 5102 Aventiam
2790 5037 3185 5120 (lustitiami'
3228 5037 3307 5100 cf.
3356 5059 3415 5120 p.
3446 5037 3559 5098 «⁸⁴2...

653 5147 749 5212 At
787 5145 994 5234 potuit
1031 5144 1154 5211 hoc
1197 5167 1238 5209 a
1265 5145 1458 5210 fluvio
1488 5142 1832 5227 proficisci,
1878 5153 1948 5205 ut
1979 5140 2340 5220 Avaricum,
2386 5139 2744 5204 Autricum.
2810 5137 2899 5201 Et
2940 5137 3301 5203 cavendum
3342 5137 3559 5220 utique,
