3717 5642
570 367 692 433 512
759 368 898 432 (⁵¹⁶.
925 369 1044 436 110⁷)
1251 365 1376 434 ΠΙ.
1423 370 1482 434 2.
1548 383 1756 434 vnum
1791 385 1972 436 amr.
2018 387 2249 436 wrm
2290 387 2472 437 com.
2515 385 2605 436 m·
2648 319 2813 438 0152012x

1401 637 1990 708 Coniunctivus
2037 642 2155 725 (et
2196 642 2667 730 optativus).
3418 693 3441 714 .

739 757 1151 826 Coniunctivi
1197 758 1502 844 reliquiae
1545 759 1756 824 vocali
1787 758 1846 826 Ο
1893 760 1987 845 (--
2020 784 2123 842 au,
2163 760 2292 828 bib.
2326 764 2369 824 εἰ
2385 759 2447 844 Ρ)
2491 760 2833 827 distinctae
2876 758 3217 825 admodum
3258 759 3509 825 mixtae.

569 871 720 926 sunt
763 882 904 926 cum
947 858 1172 926 formis
1215 861 1486 946 optativi
1529 861 1897 947 conspicuis
1945 870 2054 928 aut
2094 861 2485 949 diphthongo
2532 860 2629 929 OI
2646 913 2664 945 ,
2710 859 2865 928 WY
2908 870 3017 928 aut
3058 859 3338 948 simplici
3381 883 3493 926 vo-

563 961 690 1028 cali
733 961 797 1043 I;
843 963 910 1027 in
939 962 1224 1048 utrisque
1264 960 1483 1028 formis
1528 964 1916 1051 pler-umque,
1964 965 2085 1031 etsi
2128 986 2259 1030 non
2290 985 2557 1052 semper,
2603 965 2643 1028 Ιι
2670 962 3054 1045 intromissa,
3097 971 3329 1029 tenues
3360 984 3494 1028 ser-

570 1073 776 1144 vatae,
823 1084 1145 1130 consonae
1174 1063 1530 1149 geminatae
1572 1064 1985 1131 inveniuntur
2028 1065 2195 1132 sicut
2233 1066 2303 1130 in
2332 1065 2826 1153 comparationis
2854 1064 3157 1151 gradibus
3186 1063 3283 1151 (p.
3318 1062 3495 1148 298).

570 1162 867 1232 Ceterum
913 1164 1222 1232 dialectos
1268 1165 1658 1234 britannicas
1687 1167 2319 1234 animadvertendum
2362 1177 2465 1234 est
2490 1154 2695 1253 magis
2742 1188 2888 1233 cum
2916 1165 3135 1252 lingua
3178 1166 3499 1253 gallicana

567 1267 929 1334 consentire
993 1291 1180 1356 quam
1233 1289 1379 1334 cum
1421 1268 1620 1334 latina
1673 1289 1796 1334 usu
1839 1269 2229 1336 coniunctivi
2270 1269 2461 1336 huius
2475 1321 2494 1353 ,
2552 1291 2739 1356 quem
2792 1268 3191 1354 grammatici
3234 1265 3497 1336 Gambri

563 1367 770 1435 futuro
815 1369 1118 1436 tribuunt.
1205 1369 1582 1436 Aremorico
1624 1369 1832 1437 isdem
1876 1369 2095 1437 formis
2138 1371 2417 1437 futurum
2460 1369 2808 1456 significari
2851 1393 3048 1458 supra
3088 1369 3386 1436 diximus.

739 1469 919 1557 Sing.
968 1475 1025 1537 1.
1068 1494 1239 1558 pers.
1285 1473 1518 1539 cambr.
1563 1469 1742 1554 UIV,
1789 1469 2024 1539 WYF:
2069 1473 2194 1558 kyd
2230 1471 2544 1537 karhwine
2584 1493 2815 1538 mov-va.
2858 1493 3109 1538 cassatae
3148 1493 3285 1537 mor
3326 1471 3491 1559 (leg.

564 1571 903 1655 karhwiu33
949 1575 1242 1660 quamvis
1285 1597 1491 1660 amem
1533 1596 1654 1661 ego
1697 1573 1874 1657 litus,
1920 1574 2029 1641 odi
2072 1596 2190 1660 ego
2220 1575 2422 1660 mare)
2468 1573 2605 1641 GN.
2639 1595 2830 1640 carm.
2862 1575 2962 1640 34.
3025 1575 3161 1638 athi
3196 1574 3499 1661 amqwely

561 1676 593 1737 i
629 1673 792 1760 kany
835 1676 1082 1762 welwgfi
1121 1677 1277 1762 dydi
1316 1676 1413 1761 (et
1451 1684 1523 1741 tu
1550 1674 1801 1743 videbis
1842 1699 1964 1760 me,
2012 1675 2301 1764 quamvis
2347 1698 2465 1764 ego
2508 1698 2641 1742 non
2670 1677 2924 1742 videam
2950 1673 3047 1759 te)
3090 1673 3264 1741 Mab.
3303 1677 3497 1757 1,14.

565 1797 650 1861 ny
693 1777 971 1863 chamus
1005 1777 1290 1863 vywyneb
1333 1789 1394 1842 ot
1435 1779 1519 1859 as
1560 1777 1674 1863 (ne
1717 1800 1969 1846 servem
2008 1777 2236 1844 faciem
2272 1800 2495 1860 meam,
2545 1778 2602 1843 si
2646 1776 2789 1863 eo),
2852 1803 2894 1843 a
2936 1780 3133 1864 ἀμισθί
3170 1801 3258 1842 na
3299 1776 3515 1860 denas

561 1899 605 1962 y
649 1878 739 1964 lys
767 1879 949 1962 vytli.
976 1899 1146 1963 ,yny
1184 1878 1454 1966 qaffwyf
1484 1900 1564 1946 ar
1601 1902 1734 1966 ρων
1777 1881 1880 1946 hir
1923 1881 2020 1966 (et
2050 1881 2154 1947 dic
2194 1902 2297 1946 me
2326 1901 2729 1966 nequaquam
2769 1888 3103 1944 venturum
3146 1877 3227 1942 ad
3258 1877 3498 1959 aulam,

565 1979 772 2046 donec
809 1981 1164 2047 invenerim
1207 1981 1408 2046 virum
1449 1980 1738 2067 longum)
1773 1985 1828 2064 1,
1864 1982 2005 2048 243.
2058 1994 2169 2069 nyt
2208 1981 2297 2067 af
2318 2003 2363 2068 y
2390 1981 2691 2066 wrthyt..
2718 2001 2881 2064 .yny
2922 1979 3200 2065 wypwff
3234 1979 3513 2066 cautem*

563 2079 725 2166 (non
751 2081 860 2148 ibo
889 2083 1006 2147 abs
1037 2091 1118 2164 te,
1165 2081 1370 2149 donec
1402 2083 1604 2149 sciam
1647 2106 1730 2148 an
1759 2084 2037 2170 possim)
2074 2087 2127 2166 1,
2162 2085 2303 2150 253.
2360 2085 2453 2147 mi
2488 2082 2596 2146 ath
2632 2081 2761 2168 φα]
2794 2081 2865 2145 di
2902 2091 3004 2144 bra
3041 2081 3153 2166 yth.
3179 2081 3497 2167 vynmogf.

562 2185 812 2272 aywedy
847 2184 1000 2248 nath.
1039 2185 1347 2302 uynnwyf
1375 2184 1469 2247 mi
1507 2185 1614 2248 ath
1656 2185 1901 2271 dyrraf
1925 2135 2153 2271 ymeit’h.
2208 2185 2359 2270 (ego
2402 2182 2650 2249 habebo
2696 2191 2763 2247 te
2805 2182 3109 2268 quamdiu
3150 2190 3216 2247 te
3257 2182 3499 2264 volam,

564 2295 629 2352 et
669 2294 1010 2374 postquam
1051 2263 1317 2352 noluero
1361 2295 1452 2368 te,
1515 2307 1634 2373 ego
1689 2297 1752 2352 te
1797 2287 2110 2352 dimittam
2153 2287 2355 2372 foras)
2411 2287 2470 2369 2,
2514 2285 2616 2350 46.
2688 2284 3089 2369 dyrcheuwch
3125 2307 3170 2371 y
3208 2283 3411 2369 ffyrch.
3452 2307 3503 2370 y

565 2390 692 2454 dan
733 2411 862 2474 ayn
905 2391 1043 2474 dwy
1087 2389 1187 2454 ael
1225 2388 1674 2473 adyywydawd
1725 2411 1802 2452 ar
1843 2389 2129 2475 vyllyyeit
2169 2389 2275 2475 hya
2306 2410 2445 2474 pan
2484 2383 2739 2471 wehoyf
2766 2385 3002 2471 desnyd
3042 2386 3304 2472 vyndaw
3366 2384 3503 2469 (at-

561 2490 764 2557 tollite
804 2490 1016 2556 furcas
1058 2491 1178 2557 sub
1222 2512 1366 2556 mea
1406 2489 1751 2575 supercilia
1794 2512 1957 2578 quae
2004 2489 2370 2556 ceciderunt
2413 2509 2606 2575 super
2648 2486 2870 2553 oculos
2898 2509 3098 2570 meos,
3145 2487 3352 2553 donec
3396 2487 3501 2552 vi-

563 2592 750 2660 deam
789 2592 1120 2660 materiem
1171 2592 1392 2680 generi
1433 2589 1594 2674 mei)
1649 2590 1710 2674 2,
1758 2591 1904 2656 219.
1978 2604 2079 2656 tra
2110 2589 2461 2676 parhautyfi
2508 2591 2602 2654 mi
2648 2588 2756 2654 ath.
2807 2589 3167 2676 qynhalyaf
3198 2589 3335 2656 atla·
3384 2591 3503 2654 ath

558 2694 820 2780 yyuoetk
861 2705 963 2757 tra
1006 2695 1229 2780 allwff
1259 2694 1492 2780 Icynnal
1527 2715 1707 2779 ymen
1747 2713 1824 2777 vy
1869 2692 1999 2757 hun
2038 2691 2371 2779 (quamdiu
2416 2714 2535 2778 ego
2578 2690 2849 2757 manebo
2866 2739 2883 2770 ,
2950 2711 3070 2776 ego
3110 2699 3175 2757 te
3221 2692 3503 2758 servabo

563 2806 630 2862 et
669 2805 734 2863 te
780 2805 846 2863 et
877 2805 1064 2862 «tuum
1104 2795 1456 2882 imperium,
1500 2793 1800 2880 quamdiu
1842 2802 2064 2882 potero
2110 2815 2367 2860 servare
2407 2813 2619 2858 meum
2663 2790 2904 2877 ipsius)
2956 2793 3014 2873 3,
3048 2793 3149 2859 35.

729 2895 921 2964 Corn.
965 2896 1140 2963 YFF
1185 2896 1574 2983 (inficiens):
1637 2917 1786 2981 may
1827 2895 2043 2982 hyllyf
2068 2895 2283 2960 elewas
2326 2893 2429 2978 (ut
2467 2891 2717 2980 possim
2760 2892 3011 2978 audire)
3052 2891 3137 2958 D.
3178 2895 3321 2960 554.
3400 2917 3508 2958 me

564 3023 648 3064 an
689 2998 864 3064 Iter-th
902 3001 1048 3087 quel
1085 3001 1168 3064 Ιια
1205 2999 1420 3087 qyllw‘*
1452 2997 1786 3082 (incutiam
1830 3018 1990 3080 eam,
2033 2994 2313 3078 hastam,
2356 3017 2549 3082 quam
2592 2993 2829 3080 optime
2873 2994 3129 3081 potero)
3170 2994 3254 3061 D.
3300 2995 3501 3060 3012.

561 3121 706 3187 may
750 3101 922 3186 allyf
963 3123 1041 3188 vy
1077 3123 1122 3187 y
1161 3101 1336 3164 weles
1391 3101 1493 3183 (ut
1531 3097 1782 3185 possim
1826 3118 1946 3183 ego
2002 3098 2070 3163 id
2109 3097 2359 3183 videre)
2401 3097 2487 3163 D.
2528 3098 2630 3164 83.
2698 3096 2908 3160 drewh
2961 3119 2993 3162 e
3034 3097 3301 3183 thymmo
3344 3119 3505 3160 man

555 3202 818 3288 yuyllyf
847 3223 1078 3266 marom
1118 3203 1264 3286 vyth.
1294 3225 1429 3287 pan
1467 3223 1558 3286 yn
1585 3199 1792 3286 legffuf
1823 3198 2075 3283 (afferte
2118 3222 2261 3266 eum
2291 3200 2375 3265 ad
2402 3221 2523 3280 me,
2568 3205 2641 3264 ut
2667 3197 2917 3264 videam
2949 3220 3120 3280 eum3
3166 3199 3499 3281 morietur,

518 3305 706 3369 ”cum
759 3325 906 3370 eum
947 3311 1175 3370 nactus
1231 3302 1370 3389 ero)
1423 3301 1502 3369 R.
1551 3303 1712 3366 1776
1756 3323 1854 3389 sq.
1920 3325 2027 3368 ma
2073 3325 2187 3390 yae
2241 3301 2312 3367 bo
2354 3302 2583 3388 lowyne
2622 3301 2740 3386 nes
2776 3322 2913 3387 pan
2954 3303 3207 3386 vymyf
3248 3300 3351 3386 (ut
3408 3303 3503 3368 sit

566 3406 750 3472 vobis
793 3406 1040 3472 laetitia
1081 3404 1274 3488 caeli,
1335 3427 1481 3470 cum
1517 3401 1781 3488 moriar)
1835 3402 1919 3468 D.
1952 3403 2095 3468 227.
2165 3414 2352 3468 worto
2402 3425 2531 3488 pan
2580 3401 2919 3488 wofisnnyf
2964 3402 3141 3487 (eum
3202 3423 3349 3468 cum
3392 3403 3500 3468 in-

561 3507 848 3594 terrogo)
892 3507 973 3574 D.
1010 3509 1191 3574 1855.
1260 3506 1381 3593 hyn
1421 3506 1706 3591 leumys
1743 3527 1907 3592 yuyr
1951 3504 2275 3592 (quamvis
2320 3503 2527 3570 dicam
2571 3504 2825 3591 verum)
2867 3503 2951 3570 D.
2990 3505 3170 3571 1481.
3230 3527 3319 3568 na
3360 3505 3503 3570 vla·

559 3609 824 3698 myouqh
863 3634 941 3696 vy
982 3609 1104 3695 leyn
1133 3607 1352 3696 syllys
1379 3606 1492 3693 (ne
1535 3605 1971 3693 vituperaritis
2016 3629 2115 3671 me
2158 3606 2281 3672 etsi
2326 3603 2643 3690 aberrem)
2689 3603 2771 3670 D.
2807 3605 2991 3672 3013.
3060 3626 3127 3668 er
3166 3629 3253 3671 na
3293 3606 3501 3692 bynd-

562 3710 668 3796 lgf
695 3733 741 3798 y
779 3712 960 3798 yolon
1002 3711 1239 3796 (donec
1279 3718 1542 3796 tangam
1587 3707 1724 3773 eius
1749 3697 1912 3792 cor)
1953 3706 2250 3774 R.1531.

729 3814 944 3880 Arem.
989 3811 1097 3894 IF,
1142 3811 1230 3878 IF
1235 3811 1288 3878 F
1333 3810 1510 3928 (hod.
1558 3811 1678 3891 -in,
1721 3809 1924 3894 -ἰπφὴε
1970 3833 2109 3874 maz
2151 3807 2431 3896 compet'ff
2466 3806 2569 3893 (ut
2612 3806 2851 3892 dicam)
2894 3807 3057 3876 Buh.
3092 3810 3193 3891 76,
3225 3809 3283 3875 2.
3356 3833 3501 3875 maz

560 3937 702 3980 sacr
705 3919 983 4001 amantis
1017 3916 1118 4001 (ut
1162 3913 1475 4001 accipiam
1519 3910 2015 3995 sacramentum)
2051 3911 2321 3993 140,18.
2380 3931 2519 3972 mac
2558 3909 2786 3995 quilla-'f
2818 3907 2921 3994 (ut
2946 3909 3223 3998 possim)
3255 3913 3357 3992 44,
3395 3912 3498 3980 12.

568 4019 661 4082 19.
735 4041 872 4082 maz
911 4017 1162 4118 yuylliff
1203 4016 1353 4101 (id.)
1407 4013 1542 4094 116,
1575 4013 1634 4076 9.
1707 4034 1790 4075 na
1835 4013 2014 4098 laziff
2052 4012 2155 4097 (ut
2192 4035 2323 4079 non
2369 4008 2689 4094 occidam)
2739 4012 2835 4093 10,
2868 4013 2929 4076 6.
2995 4032 3137 4076 maz
3180 4011 3363 4098 benis
3393 4014 3503 4099 (ut

559 4119 800 4225 vivam)
846 4120 948 4202 24,
985 4123 1082 4186 15.
1151 4141 1292 4183 maz
1336 4114 1558 4197 deoedy
1603 4111 1756 4199 (leg.
1799 4113 1917 4198 -is3
1974 4125 2045 4181 ut
2087 4114 2410 4196 decedam,
2453 4109 2720 4195 moriar)
2764 4113 2824 4195 8,
2861 4113 2958 4177 21.
3028 4134 3135 4180 ma
3174 4136 3249 4179 en
3292 4115 3513 4200 bezhif

562 4197 666 4303 (ut
710 4243 854 4286 eum
898 4221 1234 4308 sepeliam)
1275 4213 1643 4285 MJ.152b.

731 4325 790 4389 2.
839 4345 1009 4410 pers.
1052 4321 1260 4390 WYT
1305 4319 1498 4387 hodie
1541 4336 1687 4381 cum
1731 4324 1756 4377 t
1793 4318 2188 4400 pronominis
2234 4319 2284 4382 ti
2322 4313 2543 4404 procul
2587 4312 2798 4379 dubio.

735 4421 808 4489 In
847 4425 1068 4491 codice
1095 4426 1288 4492 rubro
1317 4420 1438 4488 YT
1481 4419 1550 4485 in
1577 4414 1702 4482 hoc
1734 4419 2051 4510 exemplo:
2095 4419 2217 4506 kyn
2262 4441 2373 4505 πρε
2408 4415 2595 4501 yellyt
2634 4415 2726 4478 m..-
2765 4413 2873 4478 ath,
2908 4417 3119 4502 yaraf
3130 4441 3220 4505 yn
3246 4424 3513 4511 vtthaf

558 4549 695 4613 ρων
740 4527 895 4609 (etsi
936 4550 1068 4594 non
1109 4527 1177 4593 id
1207 4534 1413 4614 potest,
1459 4519 1653 4607 loqui,
1701 4540 1818 4605 ego
1864 4529 1928 4586 te
1974 4543 2113 4587 amo
2156 4519 2431 4586 maxime
2464 4514 2775 4600 virorum)
2802 4514 2979 4583 Mab.
3018 4520 3073 4603 1,
3108 4523 3261 4608 2683
3305 4549 3501 4614 prae-

561 4637 738 4693 terea
776 4626 989 4711 YOH,
1035 4628 1378 4695 accedente
1421 4625 1494 4690 ch.
1535 4621 1746 4688 aliena
1787 4620 1867 4684 ab
1896 4619 2021 4686 hac
2048 4644 2354 4709 persona:
2413 4643 2485 4684 ae
2522 4640 2672 4703 yma
2714 4639 2790 4681 ae
2828 4640 2915 4704 yn
2954 4645 2999 4709 y
3040 4625 3119 4692 ηρ
3156 4649 3201 4714 y
3228 4633 3501 4717 mynyolg

561 4726 703 4813 (aut
754 4729 860 4795 hic
916 4738 1026 4795 aut
1075 4751 1199 4816 quo
1257 4729 1404 4794 loco
1454 4719 1666 4804 voles)
1723 4721 1777 4800 l,
1827 4721 1953 4786 284
1992 4744 2089 4810 sq.
2162 4725 2447 4810 achymer
2499 4743 2542 4807 y
2584 4721 2759 4783 m've’·
2810 4759 2852 4798 a
2894 4731 3172 4815 vynnyeh
3207 4741 3320 4817 yyt
3360 4733 3507 4797 athi

562 4831 888 4916 amwykaf
921 4832 1183 4918 ayerych
1225 4853 1320 4896 om
1351 4825 1704 4914 fijdlonyon
1745 4821 1773 4883 i
1813 4821 1911 4904 (et
1954 4845 2129 4892 sume
2170 4847 2500 4894 numerum
2544 4842 2735 4909 quem
2789 4834 2892 4900 vis
2941 4840 3277 4914 tecum‚et
3330 4855 3499 4919 quos

561 4931 836 4998 maxime
881 4955 1056 4998 amas
1100 4955 1136 4998 e
1179 4931 1478 4998 fidelibus
1521 4920 1711 5004 meis)
1755 4922 1813 5003 2,
1847 4923 1948 4990 30.
2016 4931 2197 4995 achra
2236 4925 2525 5019 qudyych
2567 4931 2620 4992 ti
2656 4959 2768 5002 euo
2811 4958 2921 5001 eno
2964 4934 3073 5000 ath
3107 4934 3244 5020 qud
3284 4935 3497 5002 ditheu

562 5032 659 5116 (et
701 5032 1005 5119 quamdiu
1048 5035 1407 5101 abscondes
1449 5043 1519 5098 tu
1547 5035 1742 5120 illum,
1787 5021 1900 5091 ille
1946 5030 2299 5100 abscondet
2324 5031 2421 5116 te)
2474 5036 2527 5118 1,
2568 5039 2663 5102 14.
2729 5039 2837 5124 ayt
2866 5061 3003 5124 pan
3047 5038 3379 5123 dywettych
3426 5039 3505 5102 de·

568 5134 806 5220 (donec
850 5136 1028 5203 dicas
1070 5135 1171 5221 tu)
1224 5139 1282 5220 2,
1327 5135 1470 5202 213.
1535 5135 1638 5224 leyt
1686 5137 1920 5224 keffych.
1971 5135 2178 5222 hynny
2216 5139 2405 5224 yssyd
2458 5162 2541 5224 ny
2584 5139 2849 5226 cleeffyck
2899 5138 3225 5226 (quamvis
3267 5139 3496 5226 capias

3330 5435 3357 5482 Q
