3717 5642
588 385 711 450 694
769 388 905 450 (658-
930 387 1055 450 659)
1340 383 1455 450 IV.
1500 386 1559 451 2.
1622 402 1859 451 ΡΒΑΕΡ.
1905 404 2302 453 Romanus
2345 406 2749 455 ammom.

587 572 867 659 quabant
920 572 982 639 ei
1022 593 1227 657 usque
1284 572 1367 637 ad
1410 572 1670 659 equum)
1720 576 1778 656 2,
1823 575 1968 639 375.
2037 598 2150 641 rac
2203 574 2398 639 bronn
2439 578 2664 641 arthur
2721 576 2962 661 (coram
3003 576 3084 641 A.
3102 628 3119 657 ‚
3175 584 3514 642 extensum

586 675 872 759 tegmen)
916 676 977 757 2,
1012 676 1156 741 382.
1210 697 1321 739 rac
1358 697 1403 761 y
1442 698 1659 759 vronn,
1700 700 1812 743 rac
1850 700 1895 763 y
1937 700 2089 741 vron
2131 678 2376 762 (coram
2419 678 2528 761 eo)
2579 682 2631 759 1,
2669 680 2764 745 15.
2797 678 2941 742 245.

752 774 1050 843 LLAW:
1117 779 1299 842 adam
1348 800 1392 863 y
1442 780 1657 843 march
1714 799 1789 839 ar
1845 778 2027 841 diicat
2079 780 2194 843 ach,
2250 802 2294 865 y
2349 780 2468 843 law
2519 779 2820 865 (reliquit
2869 802 3096 866 equum
3147 788 3213 845 et
3267 788 3520 845 vestem

586 900 785 964 prope
843 877 1045 962 eum),
1103 880 1209 943 dos
1260 900 1372 966 ρον
1414 879 1557 943 llaw
1607 902 1651 963 y
1701 901 1837 965 ρων
1875 902 2118 966 yymaeu
2173 880 2204 963 (
2215 882 2240 945 i
2284 881 2365 945 ad
2403 904 2632 947 manus
2673 879 2797 945 viri
2838 880 3042 962 illius,
3102 882 3124 945 i
3180 882 3265 947 ad
3305 880 3520 945 virum

587 977 797 1063 illum)
839 978 1014 1045 Mab.
1052 984 1106 1063 1,
1140 981 1241 1045 27.
1293 1002 1427 1067 ρων
1466 981 1669 1067 ‹melyn
1708 1003 1797 1065 yn
1832 980 2026 1065 eeuyll
2061 1002 2172 1067 9er
2213 1004 2286 1045 eu
2317 983 2457 1048 llaw
2501 983 2629 1066 (vir
2669 982 2872 1047 flavus
2917 994 3092 1047 stans
3133 1004 3339 1068 prope
3373 980 3521 1063 eoa)
3629 994 3638 1003 '

594 1086 649 1161 1,
684 1082 782 1144 12.
840 1083 1064 1166 adwyn
1110 1082 1273 1147 bwch
1316 1102 1391 1145 ae
1434 1082 1584 1145 dodi
1618 1084 1870 1168 yerllaw
1909 1106 1953 1167 y
1991 1103 2240 1168 yerwyn
2296 1084 2394 1168 (et
2435 1084 2658 1149 afferre
2700 1082 2945 1149 hircum
2987 1106 3259 1171 eumque
3300 1085 3522 1151 locare

589 1205 789 1270 prope
830 1183 1133 1268 lebetem)
1189 1184 1249 1265 3,
1294 1184 1433 1247 210.
1504 1182 1597 1249 bet
1636 1184 1799 1247 islau
1849 1185 1938 1246 rit
1987 1188 2019 1248 i
2056 1187 2228 1247 main
2271 1184 2456 1248 melin
2511 1183 2742 1271 (usque
2785 1185 2950 1251 infra
2988 1187 3220 1251 vadum
3277 1185 3524 1271 lapidis

587 1283 773 1367 flavi)
823 1284 901 1349 L.
946 1284 1149 1350 Land.
1195 1286 1338 1349 260.
1403 1284 1576 1371 kawq
1630 1285 1784 1348 aoed
1832 1284 2006 1349 islaw
2055 1308 2100 1371 y
2159 1286 2322 1349 drws
2375 1286 2558 1370 (lanx
2611 1308 2774 1372 quae
2829 1298 2964 1351 erat
3015 1286 3180 1352 infra
3233 1287 3524 1373 portam)

588 1384 763 1452 Mab.
800 1390 853 1468 1,
887 1388 1031 1451 272.
1082 1409 1125 1471 y
1155 1387 1326 1451 dedit
1364 1386 1538 1449 islaw
1576 1408 1620 1471 y
1650 1386 1815 1449 teulu
1860 1386 2292 1473 (ponebantur
2333 1387 2498 1453 infra
2525 1387 2853 1467 familiam3
2901 1388 3304 1455 adverbum:
3355 1389 3529 1455 infra

586 1511 841 1553 manum
892 1488 1209 1573 familiae)
1270 1490 1324 1569 1,
1374 1488 1516 1552 276.
1592 1488 1831 1551 ασΙιίαω
1883 1488 2091 1573 kynny
2151 1511 2193 1573 y
2240 1490 2454 1575 ywelei
2509 1488 2776 1573 maokwy
2837 1512 2924 1574 yn
2977 1492 3164 1555 eistad
3221 1512 3302 1557 ar
3366 1492 3526 1557 bean

588 1611 735 1655 oruc
778 1590 1005 1676 (supra
1045 1590 1206 1655 illud
1246 1590 1411 1655 vidit
1449 1589 1747 1655 iuvenem
1794 1589 2122 1655 sedentem
2165 1590 2233 1655 in
2282 1590 2462 1671 colle,
2513 1590 2581 1653 in
2625 1589 2834 1677 capite
2877 1591 3093 1677 collis)
3141 1598 3194 1674 1,
3229 1594 3383 1659 274.

758 1688 1425 1763 2.‚Substantiva
1488 1690 1924 1772 cambrica‚
2005 1714 2199 1778 quae
2263 1713 2429 1758 cum
2489 1691 2916 1778 particulis
2983 1694 3530 1781 sequentibus

588 1792 1277 1878 praepositionum
1318 1794 1497 1859 loco
1540 1802 1965 1879 ponunt-ur.
2067 1792 2278 1880 Supra
2319 1804 2470 1861 sunt
2507 1802 2854 1859 memorata
2895 1797 3238 1882 quaedam,
3299 1806 3378 1861 ut
3421 1798 3528 1883 hyl

586 1916 694 1979 yn,
738 1892 831 1956 bet
869 1897 973 1974 in,
1018 1892 1111 1957 bet
1148 1917 1226 1959 ar
1277 1896 1511 1981 (usque
1556 1894 1688 1979 ad).
1783 1894 2275 1981 Frequentiores
2323 1906 2472 1961 sunt
2519 1895 2852 1979 formulae,
2907 1908 3018 1963 aut
3071 1898 3530 1985 significantes

592 1992 701 2057 lat.
746 2016 969 2073 versus,
1016 2005 1124 2059 aut
1150 1996 1259 2060 lat.
1292 2020 1366 2060 ea:
1395 1997 1665 2078 adverw,
1713 1996 1783 2060 in
1812 1997 2045 2082 quibus
2091 1999 2494 2063 substantiva
2534 1997 2844 2082 quaedam
2887 1999 3178 2066 absolute
3219 2001 3332 2065 vel
3381 2024 3536 2067 cum

590 2093 1173 2182 praepositionibus
1232 2098 1442 2184 posita
1486 2112 1584 2179 tu,
1623 2099 1813 2184 parth
1855 2098 2087 2183 (latus,
2130 2100 2378 2185 regio),
2435 2100 2837 2185 cynamyneb
2891 2102 3118 2185 (facies
3163 2104 3533 2191 opposita),

593 2197 878 2282 sequitur
920 2200 1235 2285 particula
1276 2224 1337 2279 α,
1384 2224 1459 2265 ac
1501 2201 1749 2287 (praep.
1795 2222 1937 2263 cum
1981 2224 2064 2265 an
2106 2202 2271 2267 coni.
2304 2212 2484 2283 atque
2499 2200 2576 2283 ?).
2665 2201 2854 2267 Addo
2901 2204 3383 2271 substantivum
3429 2208 3538 2293 leyt

438 2334 453 2349 ο
592 2301 1005 2385 (coniunctio,
1054 2302 1379 2387 societas),
1426 2324 1551 2388 quo
1584 2302 1980 2387 significatur
2022 2303 2129 2368 lat.
2159 2326 2290 2365 una
2333 2323 2474 2366 cum
2515 2324 2645 2366 non
2675 2302 2881 2368 solum
2922 2307 3286 2393 postposito
3334 2332 3404 2390 a,
3439 2332 3536 2389 ac,

592 2403 709 2468 sed
752 2402 943 2468 etiam
985 2404 1338 2490 praemisso
1380 2424 1561 2489 pron.
1608 2404 1986 2486 possessivo
2025 2426 2087 2489 y.

757 2504 812 2569 F
816 2504 1095 2569 ormulae
1138 2504 1575 2590 significantes
1631 2504 1741 2569 lat.
1787 2526 2022 2569 versus:
2090 2504 2253 2569 σεο-ἐπ
2297 2506 2359 2566 ir
2401 2503 2519 2566 alle
2557 2505 2746 2588 ipenn
2785 2506 2816 2567 i
2851 2506 3041 2571 claud
3081 2520 3150 2572 tu
3191 2512 3276 2573 ha
3321 2512 3424 2575 tal
3467 2513 3544 2597 (a

590 2616 769 2691 tergo
816 2606 1018 2671 saltus
1065 2607 1147 2671 ad
1191 2617 1381 2692 caput
1422 2605 1635 2672 fossae
1677 2606 1762 2670 ad
1786 2605 2060 2672 frontem
2101 2605 2358 2689 versus)
2400 2604 2478 2671 L.
2512 2604 2714 2671 Laud.
2750 2607 2891 2671 260.
2945 2608 3180 2693 kyuodi
3217 2634 3426 2679 aoruc
3471 2628 3542 2679 tn

592 2732 667 2773 ar
705 2730 861 2795 φαεν
917 2708 1225 2794 (surrexit
1268 2708 1349 2773 ad
1392 2712 1669 2773 castrum
1712 2710 2002 2793 versus),
2065 2733 2106 2773 a
2149 2710 2256 2773 thu
2301 2728 2392 2770 ar·
2424 2706 2501 2770 lle
2543 2708 2782 2770 hwnnw
2819 2730 2864 2793 y
2903 2708 3215 2798 kyrchwys
3243 2717 3544 2798 peredur
3577 2716 3584 2727 ’

593 2812 691 2898 (et
746 2812 829 2877 ad
866 2810 1047 2877 illum
1087 2810 1295 2875 locum
1336 2832 1563 2877 versus
1605 2812 1887 2895 perrexit
1928 2808 2035 2894 P.)
2087 2808 2265 2876 Mab.
2318 2812 2373 2891 1,
2409 2810 2549 2878 245.
2583 2810 2723 2873 246.
2789 2810 2892 2892 ses
2921 2832 3114 2877 aoruc
3161 2836 3208 2900 y
3265 2838 3542 2903 uoq-noyn

588 2938 717 3001 yna
760 2915 935 2977 tressi
962 2934 1131 2997 perm
1168 2934 1213 2997 y
1254 2913 1467 2975 march
1512 2924 1581 2976 tu
1624 2934 1703 2976 ar
1740 2913 2088 2977 marchawc
2110 2960 2126 2975 .
2153 2960 2168 2975 .
2193 2960 2210 2975 .
2243 2913 2506 2976 atkrosei
2535 2934 2704 2997 penu
2725 2912 2966 2995 yuarcb.
3007 2936 3199 2980 aomo
3217 2920 3426 3002 parth
3459 2944 3544 2983 ar

590 3016 937 3079 marchawo
990 3013 1269 3098 (vertere
1324 3022 1517 3099 caput
1566 3014 1715 3099 equi
1770 3012 1872 3077 sui
1927 3013 2009 3077 ad
2053 3012 2328 3098 equitem
2384 3034 2637 3094 versae,
2694 3013 2871 3098 ipsa,
2935 3014 3109 3101 ipse)
3163 3018 3222 3099 2,
3271 3020 3373 3085 10.
3435 3026 3540 3085 11.

582 3119 776 3203 parth
824 3140 899 3182 ao
928 3138 1050 3203 yno
1089 3115 1261 3202 ydafi
1301 3116 1485 3199 (illuc
1524 3113 1662 3199 ibo)
1710 3118 1767 3197 1,
1799 3116 1944 3180 275.
1993 3126 2180 3200 ynteu
2221 3113 2448 3177 adeum
2485 3114 2674 3198 parth,
2716 3138 2758 3177 a
2801 3114 3092 3200 dyffrynu
3134 3140 3304 3183 anon
3347 3122 3544 3207 (ipse

592 3220 771 3285 venit
798 3219 881 3284 ad
907 3218 1142 3284 vallem
1170 3240 1396 3283 versus
1424 3216 1737 3301 fluminis)
1776 3220 1829 3297 1,
1864 3218 2009 3282 273.
2065 3214 2333 3301 apharth
2361 3238 2438 3277 ar
2460 3238 2615 3301 φαεν
2637 3216 2973 3301 ydeutlmm
3003 3217 3102 3302 (et
3128 3218 3211 3283 ad
3239 3232 3544 3289 castrum

595 3342 817 3386 versus
862 3319 984 3405 ivi)
1032 3324 1087 3403 1,
1122 3322 1185 3387 3.
1252 3320 1639 3385 Adnotanda
1683 3328 1783 3386 est
1823 3318 2085 3406 propria
2128 3316 2516 3381 constructio
2561 3318 2893 3404 utriusque
2937 3318 3324 3387 substantivi
3381 3346 3546 3391 cum

596 3446 673 3487 ac
713 3432 805 3485 att
846 3421 1351 3509 (praepositione
1396 3421 1612 3486 addita
1652 3430 1802 3508 post
1840 3416 2408 3499 coniunctionem):
2451 3441 2538 3503 yn
2586 3423 2775 3503 ἅμα-οι
2817 3443 2894 3484 ar
2939 3422 3048 3507 hyt
3083 3446 3130 3507 y
3157 3422 3424 3509 dyffryn
3472 3440 3546 3491 tu

596 3548 671 3589 ac
698 3534 859 3589 attat
885 3524 1183 3607 (veniens
1227 3546 1344 3610 per
1384 3524 1617 3589 vallem
1660 3524 1743 3589 ad
1782 3534 1848 3589 te
1891 3521 2166 3606 versus),
2207 3542 2296 3605 yn
2339 3521 2530 3605 ἄρτιοι
2571 3542 2648 3583 ar
2689 3520 2800 3605 hyt
2835 3544 2880 3606 y
2923 3523 3174 3610 dgffvyn
3209 3526 3416 3610 parth
3465 3552 3548 3591 ac

598 3625 775 3709 attaf
804 3624 919 3710 (ad
960 3648 1061 3690 me
1102 3625 1358 3710 versus)
1402 3624 1577 3692 Mab.
1620 3628 1675 3707 1,
1714 3626 1771 3690 8.
1813 3629 1874 3691 9.
1939 3626 2044 3710 kyt
2085 3624 2340 3707 dywetto
2373 3670 2389 3684 .
2417 3670 2430 3685 .
2457 3670 2474 3684 .
2509 3622 2700 3706 parth.
2751 3646 2830 3687 ac
2873 3636 3032 3691 attat
3073 3627 3128 3689 ti
3179 3626 3544 3713 (quidquid

598 3727 829 3793 dixerit
871 3727 1177 3793 adversus
1221 3727 1317 3812 te)
1366 3730 1419 3809 1,
1452 3728 1600 3793 270.
1656 3750 1732 3792 ar
1770 3750 1943 3815 ywas
1986 3726 2166 3790 aaeth
2197 3724 2392 3809 parth
2431 3746 2507 3787 ac
2549 3734 2642 3787 aa
2677 3746 2724 3808 y
2766 3723 3022 3789 brenhin
3061 3726 3160 3810 (et
3199 3748 3363 3812 puer
3409 3729 3548 3794 ivit

600 3829 681 3895 ad
722 3850 937 3914 regem
979 3830 1236 3913 versus)
1286 3832 1341 3909 1,
1372 3830 1515 3895 289.

764 3928 1097 3995 Formulae
1138 3931 1600 4017 respondentes
1656 3931 1763 3995 lat.
1808 3952 1885 3993 ex
1927 3930 2206 4009 adverso,
2253 3938 2496 3992 contra:
2565 3925 2641 4010 ef
2668 3926 2880 3993 awelei
2924 3950 3054 4012 yny
3093 3948 3232 3993 mor
3277 3950 3546 4015 φρυαγ-

597 4030 808 4117 wyneb
851 4052 927 4094 ar
955 4034 1037 4095 tir
1081 4032 1543 4119 (prospiciebat
1582 4033 1643 4099 is
1670 4032 1740 4096 in
1768 4054 1941 4097 mare
1971 4030 2336 4117 oppositum
2374 4029 2630 4114 terrae),
2675 4041 2840 4114 wynt
2879 4030 3208 4094 adoethant
3247 4032 3544 4099 raedunt

596 4133 943 4219 ynywelynt
988 4154 1130 4197 mon
1168 4133 1586 4219 qyuamoyneb
1648 4157 1722 4200 ac
1774 4146 1940 4219 wynt
1993 4130 2458 4219 (procedebant
2507 4130 2602 4195 illi
2659 4151 2880 4216 porro,
2951 4130 3160 4196 donec
3211 4132 3546 4199 videbant

599 4235 861 4300 Monam
902 4245 1123 4301 conia-a
1152 4236 1254 4319 se)
1298 4235 1470 4301 Mab.
1503 4236 1562 4317 3,
1596 4237 1737 4301 265.
1769 4237 1916 4300 269.
1988 4234 2068 4299 In
2093 4233 2172 4297 L.
2200 4231 2406 4297 Land.
2451 4233 2616 4297 idem
2661 4232 3058 4317 significatur
3100 4233 3300 4299 subst.
3333 4237 3547 4299 cinei)-

602 4344 908 4423 sequente
951 4338 1270 4422 genetivo,
1316 4336 1837 4403 antecedentibus
1881 4359 2144 4423 praepp.
2187 4340 2232 4418 i,
2279 4360 2378 4417 ar,
2413 4356 2566 4419 quo:
2607 4334 2814 4418 qulich
2853 4336 3164 4419 irquairet
3199 4336 3398 4401 affluit
3445 4339 3546 4403 hit

600 4440 821 4504 iciueir
852 4440 1123 4523 pouisua
1188 4440 1377 4503 deuui
1437 4437 1550 4523 (G.
1595 4438 1918 4520 deorsum,
1979 4438 2329 4503 secundum
2383 4459 2526 4502 eum
2578 4455 2783 4518 usque
2826 4434 2908 4499 ad
2949 4436 3282 4520 regionem
3325 4460 3546 4524 oppo-

605 4542 791 4607 sitam
832 4540 977 4607 loco
1024 4539 1255 4625 quietis
1298 4540 1416 4626 D.)
1465 4541 1603 4605 149.
1660 4540 1842 4625 arhyt
1880 4560 1961 4625 ψ·
2003 4540 2189 4623 ochyr
2236 4538 2326 4602 bet
2367 4561 2446 4601 ar
2473 4556 2698 4622 cyueyr
2741 4535 2910 4599 blain
2939 4536 3220 4621 cynbran
3263 4538 3546 4621 (secun-

604 4643 751 4707 dum
795 4650 1195 4707 curvaturam
1248 4664 1453 4728 usque
1512 4642 1593 4707 ad
1635 4643 1962 4728 regionem
2008 4641 2368 4727 oppositam
2409 4638 2568 4704 fonti
2613 4635 2720 4721 G.)
2782 4636 2922 4701 133.
2995 4638 3168 4703 arbit
3216 4644 3390 4705 ceo-in
3437 4644 3546 4707 di-

602 4745 787 4810 uinid
830 4743 921 4807 bet
960 4745 1147 4807 imein
1188 4768 1266 4808 ar
1306 4747 1500 4809 εἰπεῖν
1539 4756 1696 4807 nant
1740 4747 1994 4810 trineint
2038 4741 2419 4827 (secundum
2463 4739 2716 4804 dorsum
2761 4760 3016 4804 sursum
3058 4762 3263 4825 usque
3305 4742 3392 4807 ad
3439 4742 3543 4809 la-

604 4846 789 4935 pides
832 4868 913 4911 ex
956 4844 1225 4911 adverso
1266 4846 1455 4910 vallis
1497 4844 1604 4929 T.)
1654 4848 1793 4911 187.
1890 4847 2221 4932 Frequens
2277 4852 2490 4906 tamen
2539 4841 2611 4904 in
2656 4841 2874 4905 eodem
2919 4850 3018 4905 est
3057 4841 3330 4906 formula
3367 4864 3544 4927 penu

604 4948 877 5015 aroiueir
918 4958 1225 5034 sequente
1262 4948 1577 5035 particula
1614 4969 1689 5011 ac
1733 4947 1936 5030 (recte
1975 4944 2307 5033 oppositus
2320 4994 2336 5023 ‚
2384 4966 2420 5008 e
2459 4941 2742 5028 regione,
2785 4964 2979 5026 germ.
3027 4942 3262 5027 gerade
3289 4966 3542 5029 gegen-

608 5049 822 5134 fiber):
880 5072 955 5115 or
978 5051 1143 5131 sord
1180 5072 1366 5113 maur
1418 5051 1489 5113 di
1530 5048 1700 5113 blain
1748 5050 1811 5111 ir
1855 5048 2112 5135 hecquo&
2171 5068 2247 5109 ar
2287 5047 2380 5110 hit
2419 5046 2480 5107 ir
2523 5044 2780 5131 batquos.
2839 5066 2918 5107 ar
2957 5044 3049 5109 hit
3097 5046 3162 5107 ir
3194 5056 3360 5129 pant
3397 5047 3544 5109 dir-

604 5154 851 5237 quairet
870 5200 885 5215 .
912 5199 928 5216 .
960 5200 976 5215 .
1006 5173 1085 5214 ar
1108 5152 1201 5214 hit
1230 5153 1261 5214 i
1280 5149 1449 5232 ford
1487 5172 1675 5214 maur
1712 5152 1966 5215 diuina-id
2007 5149 2102 5215 bet
2132 5170 2302 5235 pean
2345 5148 2616 5211 arciueir
2658 5146 2742 5209 Ιια
2773 5166 2944 5227 penu
2983 5147 3014 5207 i
3039 5144 3284 5229 hecquae
3325 5145 3401 5231 (a
3429 5148 3546 5214 via
