3717 5642
875 1761 1626 1873 PRAEFATIO
1705 1761 2413 1876 AUCTOmS.

355 2247 700 2374 Linguae,
759 2311 922 2376 quae
975 2289 1140 2354 inter
1183 2299 1486 2373 cognatas
1529 2289 1780 2374 linguas
1838 2289 1919 2354 ab
1972 2287 2159 2354 India.
2214 2310 2330 2374 per
2382 2288 2609 2354 Asiam
2670 2297 2733 2354 et
2785 2288 3109 2376 Europam

199 2396 486 2463 dilatatas
521 2407 800 2464 extrema
843 2407 942 2464 est
983 2399 1052 2463 in
1083 2399 1434 2480 occidente,
1477 2407 1784 2480 naturam,
1829 2399 2199 2466 varietatem
2226 2397 2585 2484 formasque
2632 2421 2667 2464 e
2706 2398 3113 2466 fundamento

197 2515 738 2572 monumentorum
793 2510 1140 2574 extantium
1181 2519 1578 2576 vetustorum
1634 2530 1953 2594 exponere
1996 2508 2349 2594 aggredior.
2450 2505 2669 2594 Opera
2708 2519 3111 2594 perscrutan-

195 2615 304 2680 dae
347 2617 629 2698 indicae,
677 2629 996 2684 extremae
1041 2619 1326 2684 eiusdem
1369 2617 1648 2684 familiae
1691 2618 1758 2683 in
1799 2617 1984 2698 Asia,
2036 2639 2163 2703 qua
2188 2617 2521 2704 plurimum
2564 2618 2731 2684 lucis
2761 2618 3113 2706 linguarum

192 2725 469 2792 affinium
519 2729 796 2794 omnium
845 2727 1152 2794 scientiae
1196 2727 1576 2794 addiderunt
1617 2728 1740 2794 viri
1771 2727 1963 2810 docti,
2010 2725 2065 2794 si
2095 2728 2311 2812 magni
2352 2751 2607 2815 semper
2656 2728 2949 2794 habenda
2988 2738 3109 2811 est,

189 2858 310 2900 non
351 2838 546 2923 parvi
591 2839 782 2904 etiam
837 2839 960 2904 erit
1002 2839 1402 2906 aestimanda
1445 2859 1644 2924 opera
1687 2861 1792 2920 ea,
1857 2860 1987 2924 qua
2037 2838 2151 2902 fiat
2192 2837 2461 2904 facultas
2504 2838 2889 2925 inspiciendi
2932 2837 3149 2938 leges‘

187 2945 434 3032 linguae
480 2950 764 3016 nationis
806 2950 1044 3016 fractae
1099 2948 1272 3014 illius
1321 2949 1574 3034 quidem
1617 2949 1740 3014 iam
1787 2948 2049 3028 dudum,
2114 2948 2229 3014 sed
2270 2947 2577 3014 latissime
2622 2948 2941 3034 quondam
2994 2973 3111 3036 per

183 3054 502 3144 Europam
549 3059 846 3143 patentis,
895 3061 1078 3126 cuius
1108 3059 1368 3145 linguae
1408 3059 1640 3124 rudera
1679 3059 1826 3126 ideo
1870 3083 1999 3126 non
2040 3079 2183 3124 rara
2212 3067 2361 3126 sunt
2404 3059 2527 3124 iam
2571 3081 2611 3124 a
2639 3059 2911 3126 vetustis
2953 3069 3109 3124 tem·-

183 3168 462 3248 poribus,
525 3177 718 3254 atque
759 3170 948 3236 hodie
993 3191 1246 3256 quoque
1291 3179 1510 3236 extant
1549 3169 1614 3234 in
1662 3169 1808 3236 aliis
1851 3167 2315 3236 recentioribus
2376 3163 2635 3254 linguis.
2724 3167 2873 3250 Qua
2895 3168 3109 3254 'opera

185 3277 366 3342 etiam
413 3279 824 3344 substruetur
863 3279 1336 3346 fundamentum
1379 3279 1830 3346 vocabulorum
1884 3279 2033 3345 moli
2075 3277 2319 3344 recenti
2376 3278 2477 3342 vel
2530 3277 2738 3344 adhuc
2782 3280 3106 3366 superstiti

186 3385 316 3452 eius
359 3387 586 3474 gentis
629 3388 694 3452 in
739 3389 978 3474 linguis
1022 3389 1368 3466 hodiernis,
1416 3388 1757 3472 hibernica,
1803 3389 2069 3475 gaelica‚
2114 3387 2451 3468 cambrica,
2492 3387 2855 3454 aremorica.

333 3497 416 3564 In
461 3499 722 3578 linguas
766 3500 1092 3566 nationum
1148 3502 1452 3566 maiorum
1495 3499 1877 3581 vicinarum,
1922 3499 2321 3582 germanicae
2368 3506 2433 3562 et
2472 3497 2783 3578 slavicae,
2840 3499 2965 3564 iam
3009 3499 3107 3564 iu-

179 3609 480 3692 quisitum
539 3629 686 3674 esse
729 3621 1126 3694 perscrutato
1171 3611 1394 3676 eodem
1435 3609 1844 3676 fundamento
1888 3607 2191 3674 historico
2234 3617 2815 3690 monumentorum,
2866 3608 3105 3672 nemini

177 3741 361 3800 gnaro
409 3717 808 3783 eruditorum
850 3721 1224 3788 recentioris
1282 3719 1510 3786 aetatis
1564 3718 1850 3785 laborum
1892 3715 2181 3802 ignotum
2224 3727 2343 3782 est.
2446 3717 2723 3783 Nostrae
2762 3717 2950 3783 huius
2996 3741 3107 3784 ex-

179 3836 404 3892 tremae
453 3828 528 3892 in
573 3826 906 3892 occidente
949 3829 1204 3916 linguae
1241 3837 1654 3896 monumenta
1699 3835 1951 3894 vetusta
1994 3825 2236 3913 scripta
2290 3849 2329 3894 a
2374 3827 2527 3892 viris
2584 3827 2907 3912 indigenis
2924 3876 2941 3907 ‚
3002 3847 3101 3892 ra-

175 3937 334 4003 tione
393 3960 538 4004 non
581 3935 800 4002 habita
839 3939 1166 4006 nominum
1209 3947 1600 4006 servatorum
1656 3961 1696 4004 a
1737 3937 2153 4024 scriptoribus
2200 3937 2685 4019 vetustioribus,
2740 3935 2989 4020 graecis
3035 3945 3101 4000 et

178 4045 402 4130 latinis,
453 4054 732 4112 aetatem
776 4047 1033 4133 quidem
1075 4073 1204 4116 non
1235 4050 1556 4132 attingunt
1595 4054 2139 4114 monumentorum
2181 4047 2583 4132 germanicae
2624 4045 2897 4131 linguae,
2942 4044 3105 4111 inci·-

177 4156 478 4238 pientium
532 4179 572 4222 a
614 4159 870 4224 saeculo
915 4169 1155 4246 quarto,
1203 4167 1504 4244 superant
1545 4165 1760 4224 tamen
1799 4156 1971 4224 haud
2014 4155 2207 4222 dubie
2250 4165 2519 4224 aetatem
2562 4163 3103 4222 monumentorum

179 4265 454 4334 slavicae
503 4266 781 4352 linguae.
869 4267 1205 4336 Eiusmodi
1247 4293 1326 4334 ex
1354 4269 1780 4334 monumentis
1825 4278 2181 4334 extructum
2212 4278 2309 4334 est
2348 4268 2473 4334 hoc
2504 4289 2687 4354 opus.

327 4376 426 4442 Ut
473 4376 736 4459 linguae
779 4379 1108 4444 nationum
1161 4379 1586 4464 frequentium
1643 4390 1708 4444 et
1759 4379 1887 4444 late
1930 4377 2277 4462 patentium
2332 4377 2583 4444 variant
2622 4375 3105 4442 formationibus

177 4497 232 4548 et
267 4485 598 4565 dialectiS‚
641 4486 732 4550 ita
774 4488 962 4552 etiam
993 4489 1213 4574 lingua
1253 4488 1500 4570 celtica,
1548 4487 2060 4558 utcommuniter
2104 4487 2333 4551 dicitur
2376 4499 2657 4552 extrema
2695 4486 2855 4552 haec
2899 4486 2965 4548 in
2996 4507 3103 4552 oc-

181 4595 450 4678 cidente,
504 4597 876 4662 varietatem
920 4621 1100 4663 suam
1146 4597 1452 4683 explicuit
1495 4599 1623 4664 iam
1668 4601 1748 4664 ab
1779 4597 2057 4684 antiquis
2099 4598 2511 4682 temporibus.
2598 4597 2782 4678 Quae
2828 4595 3104 4661 varietas

179 4710 428 4792 cognita
477 4717 586 4772 est
625 4708 746 4772 iam
791 4707 1062 4774 Caesari
1109 4707 1346 4774 dicenti
1393 4707 1498 4790 (B.
1545 4708 1691 4792 gall.
1745 4711 1797 4788 1,
1836 4708 1933 4791 1),
1978 4705 2234 4792 Belgae,
2282 4708 2677 4793 Aquitanos,
2736 4705 2955 4772 Celtas
3002 4707 3104 4770 vel

177 4813 392 4884 Gallos
441 4818 700 4902 lingua,
747 4818 1090 4898 institutis,
1139 4818 1386 4904 legibus
1430 4819 1598 4884 inter
1641 4841 1712 4884 se
1773 4819 2056 4899 differre,
2112 4827 2177 4882 et
2234 4817 2459 4882 melius
2504 4817 2803 4884 Straboni
2862 4815 3002 4899 (lib.
3042 4819 3103 4898 4,

177 4949 230 5010 p.
280 4929 464 5012 176),
532 4928 642 5014 qui
687 4929 1046 5015 Aquitanos
1104 4929 1360 4993 omnino
1416 4929 1704 4994 diversos
1761 4951 1800 4994 a
1854 4926 2063 4994 Gallis
2118 4937 2181 4992 et
2233 4927 2737 4992 adnumerandos
2779 4925 3099 5008 Iberibus,

177 5037 392 5106 Gallos
443 5047 666 5104 autem
709 5039 888 5124 ipsos
931 5038 1186 5125 paulum
1229 5039 1450 5124 lingua
1477 5039 1728 5104 differre
1773 5034 2041 5121 (μικρὸν
2089 5031 2681 5122 παραλλάττοντας
2720 5037 2869 5110 ταῖς
2896 5019 3103 5118 γλώτ-

181 5151 342 5236 ταις)
389 5149 690 5213 affirmat.
784 5145 906 5214 Oui
953 5149 1005 5212 si
1053 5148 1330 5230 additur,
1389 5149 1559 5236 quod
1603 5149 1834 5214 asserit
1878 5147 2139 5214 Tacitus
2184 5146 2433 5237 (Agric.
2480 5149 2617 5225 ll),
2665 5143 2997 5212 Gallorum
3042 5155 3105 5208 et

177 5256 626 5324 Britannorum
675 5243 1018 5326 sermoneu'n
1071 5259 1232 5322 haud
1279 5259 1538 5324 multum
1583 5260 1922 5340 diversum,
1970 5269 2335 5339 statuemus,
2384 5257 2791 5321 dialeclorum
2838 5256 3103 5322 varieta-

2669 5390 2701 5426 ⁸
