3717 5642
573 367 696 436 620
753 371 888 434 (574·
917 371 1046 432 575)
1478 366 1593 435 IV.
1643 370 1697 431 1.
1763 383 2107 435 mimium
2149 384 2582 436 Bm'rmch.

737 554 1154 638 Coi-nicae,
1199 554 1441 622 nudae:
1485 554 1653 642 leym,
1699 553 1839 619 kens
1870 555 2121 640 (antea)
2164 551 2238 620 P.
2274 557 2412 638 194,
2444 557 2504 622 2.
2549 557 2691 639 254,
2724 558 2793 638 2;
2838 557 3237 624 coniunctae:
3288 579 3331 620 a
3358 576 3483 642 ‘ray

568 657 643 742 (a
683 657 919 741 fronte)
967 656 1046 724 Ο.
1079 658 1264 722 2717.
1315 681 1402 743 yn
1444 679 1562 742 ray
1606 656 1889 742 (porro):
1937 659 2051 722 dus
2089 680 2175 742 yn
2216 681 2335 746 ray
2376 659 2714 745 (procede)
2726 677 2755 742 ,·
2790 659 2987 745 deuqh
3023 681 3111 744 yn
3154 679 3273 746 ray
3316 659 3491 746 (pro-

574 758 810 843 cedite)
857 759 936 824 O.
971 761 1154 826 2403.
1186 760 1369 825 2683.
1457 759 1738 825 Auctae:
1783 782 1990 826 omma
2034 760 2128 843 (ε-τ-
2171 760 2450 826 orthma?
2491 759 2628 844 hic)
2672 759 2745 824 P.
2781 761 2879 842 78,
2912 761 2970 826 2.
3016 759 3117 842 92,
3149 760 3208 825 2.
3262 760 3402 841 195,
3436 762 3492 844 3,

572 859 648 926 Ο.
683 862 804 927 317
847 869 967 927 eto.
1027 892 1088 916 =
1132 883 1336 925 vmma
1380 859 1458 927 Ο.
1496 861 1634 927 102.
1676 862 1818 927 244.
1853 863 1999 928 885.
2044 862 2117 928 P.
2148 863 2297 943 255,
2328 863 2387 925 4.
2462 884 2577 926 ena
2622 863 2773 946 (ibi,
2818 866 3001 947 tunc)
3046 863 3150 943 56,
3189 865 3250 925 1.
3298 864 3405 944 83,
3442 865 3492 928 1.

572 964 707 1044 112,
745 966 796 1028 1.
869 985 975 1026 ene
1021 961 1172 1046 (ibi)
1219 964 1318 1043 77,
1351 963 1410 1026 3.
1470 964 1611 1046 208,
1647 968 1683 1030 5
1782 985 1892 1028 eno
1939 966 2077 1045 154,
2111 965 2169 1029 3.
2234 963 2487 1030 abanan
2530 961 2741 1046 (hin03
2788 985 2823 1030 e
2866 987 3081 1051 praep.
3128 989 3188 1046 a,
3234 987 3337 1046 ex,
3384 965 3491 1050 de)

571 1063 650 1130 O.
685 1066 868 1130 2564.
910 1063 994 1128 D.
1027 1065 1170 1131 850.
1207 1066 1388 1130 1099.
1445 1067 1559 1130 ieet
1602 1065 1718 1152 (gl.
1762 1065 2121 1150 deorsum),
2166 1065 2386 1130 hachac
2430 1063 2546 1151 (gl.
2580 1067 2860 1152 sursum)
2904 1067 3061 1133 Voc.
3092 1068 3187 1148 8⁵;
3232 1089 3496 1153 praece-

571 1165 758 1232 dente
785 1167 1292 1253 praepositione:
1329 1189 1642 1253 aqymow,
1689 1187 1961 1252 aqemow
2005 1169 2256 1254 (nuper,
2308 1166 2524 1251 modo)
2568 1167 2641 1232 R.
2674 1169 2831 1250 8963
2878 1171 3023 1234 911.
3072 1167 3148 1236 Ο.
3182 1170 3329 1234 796.

737 1269 962 1334 Arem
987 1269 1280 1350 orioae,
1325 1267 1566 1334 nudae:
1627 1268 1760 1331 enez
1798 1281 1987 1353 quent
2028 1269 2129 1354 (ut
2170 1268 2385 1353 antea)
2428 1265 2590 1333 Buh.
2628 1272 2766 1353 154,
2803 1272 2902 1337 16.
2973 1281 3158 1356 quent
3198 1283 3379 1357 equeb
3418 1296 3498 1336 an

569 1372 680 1434 dez
723 1370 902 1455 (ante
948 1393 1138 1458 quam
1168 1371 1326 1452 dies,
1377 1379 1524 1436 ante
1554 1370 1749 1455 diem)
1793 1369 1929 1435 MJ.
1963 1371 2085 1436 218
2102 1394 2157 1436 a.
2220 1372 2417 1458 qoude
2460 1393 2528 1434 ez
2568 1393 2707 1435 vezo
2748 1383 3013 1437 contenet
3054 1371 3319 1458 (postea
3362 1395 3500 1439 sus·

571 1472 952 1557 tentabitur)
997 1471 1158 1537 Buh.
1196 1471 1339 1554 108,
1375 1474 1473 1537 19.
1525 1494 1618 1536 me
1649 1472 1830 1536 oarlae
1872 1484 2138 1558 youzout
2178 1484 2320 1556 quet
2356 1473 2557 1558 qoude
2601 1472 2799 1557 (scire
2842 1474 3033 1540 velim
3060 1473 3319 1561 postea)
3360 1475 3497 1556 170,

576 1575 672 1638 18.
725 1575 924 1660 qoude
971 1598 1034 1638 ez
1063 1587 1281 1640 renat.
1309 1625 1323 1640 .
1356 1576 1440 1640 da
1478 1573 1656 1660 pylat
1695 1574 1953 1661 (postea
1982 1575 2289 1641 deductus
2320 1581 2421 1641 est
2446 1575 2529 1640 ad
2558 1573 2667 1660 P.)
2694 1574 2832 1641 MJ.
2865 1575 2945 1641 83
2966 1599 3036 1658 ⁸3
3082 1576 3497 1643 coniunctae:

571 1675 750 1739 dirae
791 1669 1132 1763 (‘palam'),
1177 1702 1220 1743 a
1246 1698 1429 1742 rano:
1475 1688 1674 1740 monet
1713 1701 1755 1742 a
1780 1697 1937 1742 rauo
1980 1667 2467 1763 (‘antecedere')
2498 1675 2683 1744 cath.
2770 1681 3044 1746 Auotae:
3092 1699 3281 1743 amau
3310 1678 3500 1765 (hic),

573 1790 682 1842 imo
728 1778 878 1863 (ibi)
925 1777 1109 1846 Cath.
1153 1779 1290 1846 MJ.
1334 1777 1497 1845 Buh.
1542 1778 1628 1865 fq.
1703 1779 1945 1844 ahanen
1990 1778 2200 1863 (hino)
2242 1778 2406 1845 Buh.
2437 1779 2525 1866 fq.
2594 1779 2881 1844 alumenu
2920 1778 3055 1846 MJ.
3085 1781 3169 1846 42
3192 1803 3249 1846 a.
3298 1782 3502 1850 1161).

571 1880 822 1947 abanan
867 1881 1023 1946 521).
1082 1881 1280 1945 ahane
1327 1872 1556 1965 (inde,
1603 1871 1885 1964 deinde')
1931 1879 2114 1949 cath.
2158 1877 2294 1946 MJ.
2325 1882 2516 1947 2152..
2550 1881 2748 1947 2171).

739 1986 800 2048 5.
884 1983 1288 2049 Adverbia
1343 1983 1756 2070 primitiva
1827 1982 1935 2049 vel
1997 1983 2380 2048 obscurioris
2453 1983 2739 2069 originis.
2852 1983 3311 2053 Cambrica:
3382 2007 3505 2050 neu

578 2086 784 2169 (nour,
827 2086 1018 2170 nent),
1065 2085 1225 2172 byth,
1267 2097 1467 2168 eima,
1508 2107 1762 2170 namyn.

735 2185 922 2252 NEU
969 2187 1127 2270 (iam
1172 2211 1344 2271 vero,
1388 2188 1574 2253 initio
1617 2187 1930 2274 particula
1970 2185 2405 2272 interrogans:
2452 2208 2665 2253 nonne
2680 2186 2741 2272 Ρ)
2782 2186 2987 2254 rarius
3034 2187 3325 2275 simplex,
3370 2189 3501 2256 fre-

571 2289 868 2375 quentius
911 2299 1163 2356 auctum
1204 2289 1453 2357 NEUR
1493 2289 1672 2374 (ante
1715 2288 2139 2376 praeteritum,
2186 2318 2248 2342 =
2291 2309 2411 2352 neu
2452 2286 2620 2373 ry?),
2664 2287 2908 2356 NEUT
2952 2289 3133 2374 (ante
3160 2313 3495 2378 praesens,

569 2403 641 2456 ut
681 2391 994 2475 videtur):
1067 2415 1141 2456 ac
1181 2415 1301 2457 neu
1341 2394 1646 2478 ryqeuezht
1680 2391 1883 2478 ywbyl
1922 2412 1994 2482 or
2036 2391 2357 2454 annodeist
2409 2389 2517 2474 (ac
2564 2411 2779 2457 nonne
2827 2393 3139 2477 accepisti
3196 2416 3512 2460 summam

570 2493 707 2559 eius
753 2492 923 2578 quod
965 2493 1341 2579 flagitasti?)
1383 2493 1555 2559 Mab.
1590 2495 1648 2576 3,
1683 2493 1821 2558 160.
1878 2515 1995 2558 neu
2036 2492 2331 2557 chaoitheu
2366 2513 2499 2576 pan
2540 2493 2904 2558 doethawoh.
2950 2514 3105 2558 neu-r
3132 2495 3416 2560 doetham
3460 2521 3509 2582 y

566 2595 736 2658 erebi
775 2595 964 2659 olwen
1006 2596 1277 2680 dyueroh.
1332 2595 1502 2681 (iam
1543 2616 1661 2661 vos
1718 2617 1830 2660 cur
1872 2593 2187 2661 venistis?
2240 2593 2534 2660 venimus
2576 2595 2845 2680 petitum
2906 2594 2987 2661 O.
3040 2596 3237 2662 filiam
3276 2598 3503 2682 tuam)

568 2697 626 2778 2,
659 2697 802 2763 219.
878 2695 1117 2782 ach-yma
1171 2695 1505 2782 kffauanu
1560 2718 1594 2761 ο
1635 2697 1750 2762 neb
1791 2719 2033 2762 arnaw.
2097 2717 2253 2762 ηραν
2298 2697 2531 2760 daroed
2582 2719 2627 2781 y
2668 2697 2893 2761 arthur
2944 2697 3055 2762 lad
3102 2721 3149 2785 y
3192 2698 3348 2764 bem
3402 2699 3509 2784 (et

575 2807 914 2885 antequam
957 2797 1290 2865 accederet
1317 2798 1548 2886 aliquis
1593 2799 1675 2866 ad
1705 2821 1865 2883 eum,
1912 2821 2187 2880 cervum,
2228 2797 2359 2864 iam
2389 2796 2709 2864 abscisum
2750 2806 2887 2864 erat
2929 2798 2991 2865 ei
3033 2809 3226 2886 ceput
3266 2802 3348 2868 ab
3377 2801 3505 2886 A.)

489 2927 500 2940 ·
577 2901 634 2982 2,
667 2902 768 2964 22.
847 2901 1057 2986 aphau
1099 2902 1579 2967 ordiwedasaant
1617 2923 1660 2986 y
1705 2901 1810 2966 ltu.
1863 2923 2021 2965 neuo-
2062 2901 2445 2986 disqynaeeei
2482 2900 2705 2964 arthur
2746 2899 2887 2964 aelu
2944 2899 3041 2984 (et
3080 2923 3223 2968 oum
3266 2925 3505 2970 conse-

575 3011 914 3088 querentur
958 3003 1302 3069 exeroitum
1318 3055 1336 3086 ,
1393 3003 1815 3070 descenderat
1855 3025 2009 3068 vero
2052 3003 2135 3068 A.
2184 3010 2247 3068 et
2290 3001 2515 3088 copiae
2558 3001 2729 3086 eius)
2773 3002 2830 3084 2,
2863 3003 3007 3068 380.
3057 3025 3103 3088 y
3140 3027 3275 3091 9²0⁹·
3314 3027 3505 3072 raeco

575 3115 745 3166 meuc
785 3125 978 3168 marw
1019 3106 1251 3170 haeaclz
1294 3105 1423 3190 (vir
1465 3107 1574 3172 ille
1618 3127 1769 3172 vero
1813 3106 1999 3171 modo
2042 3113 2327 3170 mortuus
2374 3101 2501 3188 est)
2546 3103 2604 3186 2,
2636 3104 2739 3168 59.
2810 3105 3101 3170 aminneu
3142 3118 3288 3171 neza
3324 3107 3509 3193 ydyu

569 3227 656 3289 yn
692 3226 936 3290 yynyon
980 3205 1168 3271 honen
1211 3229 1290 3293 vy
1329 3209 1517 3294 esyyll
1556 3209 1653 3293 (et
1682 3229 1819 3294 ego,
1861 3230 2075 3274 nonne
2106 3214 2255 3272 sunt
2297 3205 2457 3272 aridi
2502 3205 2753 3292 stipites
2796 3205 2936 3274 alae
2964 3228 3141 3274 meae
3155 3205 3215 3291 Ρ)
3260 3209 3321 3290 2,
3352 3208 3509 3275 233.

575 3303 745 3370 Hod.
789 3327 966 3386 ηραν,
1005 3310 1192 3392 neud,
1232 3332 1399 3375 neus.

737 3405 992 3474 BYTH
1030 3410 1128 3495 (in
1157 3420 1548 3498 perpetuum,
1594 3411 1932 3498 unquam):
1980 3434 2057 3476 ar
2100 3411 2233 3476 llew
2262 3410 2403 3496 vyth
2439 3431 2527 3494 yn
2566 3408 2891 3494 dieqrecku
2933 3407 3031 3493 (et
3055 3407 3157 3474 leo
3188 3410 3503 3477 continuo

576 3508 884 3595 eiulabat)
913 3509 1088 3578 Mab.
1125 3513 1181 3593 1,
1217 3514 1318 3578 36.
1369 3515 1526 3600 ymfi
1553 3512 1737 3578 aduw
1766 3515 1856 3576 mi
1880 3513 2119 3591 arodaf
2155 3513 2319 3576 idaw
2362 3511 2559 3577 uaroh,
2600 3532 2675 3575 ασ
2702 3531 2895 3574 arueu
2924 3508 3067 3595 byth
3110 3509 3258 3598 (per
3286 3511 3503 3594 deum,

576 3632 696 3696 ego
743 3611 906 3678 dabo
953 3613 1012 3678 ei
1059 3636 1288 3700 equum
1333 3623 1398 3680 et
1438 3637 1612 3680 arma
1651 3616 1721 3680 in
1750 3614 2158 3702 perpetuum)
2195 3618 2249 3695 1,
2282 3615 2385 3678 29.
2436 3634 2520 3699 ny
2550 3611 2723 3676 doeth.
2764 3611 2906 3696 vytk
2948 3611 3291 3699 drachefisn
3335 3613 3505 3698 (non

574 3712 835 3777 revertit
875 3714 1204 3800 unquam),
1247 3739 1332 3802 ny
1374 3717 1673 3802 dywedaf
1699 3739 1907 3802 ynneu
1952 3719 2043 3782 eir
2087 3715 2229 3800 byth
2272 3713 2434 3798 (non
2476 3712 2687 3778 dicam
2728 3734 2848 3798 ego
2891 3714 3151 3780 verbum
3194 3717 3511 3802 unquam)

581 3817 634 3896 1,
666 3815 766 3879 32.
800 3815 943 3880 262.

739 3915 1070 3984 ETTWA
1114 3917 1368 4002 (adhue,
1400 3921 1684 4003 rursus):
1729 3931 1838 4004 ayt
1879 3929 1973 3982 oet
2009 3917 2144 4004 ymi
2183 3927 2361 3982 ettwa
2389 3915 2649 3981 wreioka
2688 3914 2851 3999 (non
2878 3925 3056 3984 aetas
3100 3917 3255 3984 mihi
3298 3918 3515 3987 adhuc

578 4018 852 4084 ducendi
893 4021 1184 4105 uxorem)
1243 4020 1416 4087 Mab.
1462 4022 1519 4104 2,
1567 4021 1707 4085 199.
1778 4032 1969 4105 ymen
2010 4017 2305 4105 adebyyei
2358 4032 2463 4084 not
2494 4020 2642 4106 pech
2682 4041 2754 4085 or
2796 4021 2953 4084 eneit
2986 4041 3233 4106 ymywn
3268 4023 3515 4106 yereiut

578 4131 755 4184 ettwa
802 4120 942 4205 (ille
986 4123 1252 4208 putabat
1293 4144 1438 4189 esse
1479 4122 1721 4209 aliquid
1764 4122 1937 4187 vitae
1982 4121 2303 4186 etiamtum
2342 4123 2411 4186 in
2454 4119 2570 4205 G.)
2623 4123 2682 4204 2,
2714 4121 2815 4187 58.
2882 4142 3109 4206 nyumn
3158 4133 3324 4208 awyt
3364 4123 3511 4187 iae-k

575 4223 740 4286 iawn
781 4235 958 4288 ettwa
1001 4224 1272 4310 (neseio,
1317 4248 1468 4291 num
1507 4246 1729 4291 rursus
1775 4225 1934 4291 satis
1979 4245 2175 4289 sanus
2220 4223 2343 4308 sis)
2389 4225 2447 4305 2,
2481 4226 2583 4290 56.

743 4324 1070 4392 ΝΑΜῩΝ
1113 4325 1446 4411 (tantum):
1491 4348 1725 4413 namyn
1771 4351 1850 4392 vn
1880 4325 2024 4392 mab
2062 4347 2232 4390 mam
2274 4350 2315 4390 a
2344 4327 2476 4392 that
2516 4326 2727 4392 oedwn
2752 4325 2783 4388 i
2819 4324 3096 4409 (tantum
3138 4345 3304 4390 unus
3334 4324 3513 4390 filius

575 4427 794 4492 matris
839 4438 902 4492 et
941 4427 1142 4513 patris
1188 4427 1390 4512 eram)
1434 4428 1610 4495 Mab.
1659 4433 1711 4512 1,
1744 4429 1802 4493 2.
1894 4427 1991 4496 Cf.
2054 4428 2184 4495 hib.
2228 4429 2521 4509 nammd3
2580 4425 2902 4494 cambriea
2940 4435 3155 4501 tamen
3194 4426 3515 4514 particula

579 4548 721 4592 cum
763 4530 1102 4616 negatione
1147 4530 1468 4616 significat
1513 4532 1656 4613 nisi,
1689 4543 2152 4617 praeterquam.

745 4629 954 4698 Corn
974 4629 1102 4697 iea
1141 4633 1366 4719 partim
1411 4632 1867 4720 respondentia
1907 4632 2278 4712 oambricis,
2334 4632 2561 4719 partim
2600 4630 2879 4717 propria.
2976 4628 3144 4698 Cum
3186 4628 3515 4695 cambrioo

574 4751 694 4796 neu
737 4733 1082 4799 coneordat
1122 4758 1210 4800 na
1225 4783 1240 4814 ,
1287 4757 1433 4799 naw
1477 4735 1636 4820 (iam
1678 4733 1863 4817 vero)
1908 4755 2160 4818 semper
2203 4734 2443 4800 inserto
2486 4755 2576 4815 m,
2621 4735 2739 4818 πά,
2793 4732 2976 4798 cuius
3021 4729 3316 4816 exempla
3360 4751 3517 4796 con-

575 4835 778 4901 iuncti
820 4857 962 4900 oum
1006 4835 1221 4902 verbis
1251 4858 1373 4900 esse
1417 4845 1482 4901 et
1505 4837 1598 4900 ire
1641 4837 1809 4901 inter
1853 4836 2052 4901 verba
2078 4836 2372 4902 anomala
2412 4833 2813 4920 protulimuS.
2898 4832 3131 4900 Differt
3175 4830 3319 4918 byth
3362 4831 3515 4916 (un-

575 4958 780 5022 quam,
826 4959 1116 5025 usquam,
1165 4939 1294 5003 ullo
1323 4937 1562 5021 modo),
1613 4937 1785 5024 quod
1827 4959 2081 5024 semper
2121 4937 2253 5004 fere
2298 4959 2441 5003 cum
2484 4936 2827 5023 negatione
2867 4935 3124 5022 ponitur
3166 4943 3280 5001 aut
3320 4935 3515 5001 abso-

574 5037 814 5104 lutum:
860 5062 956 5104 me
995 5063 1080 5127 ny
1121 5062 1254 5105 won
1285 5089 1300 5104 .
1328 5088 1343 5105 .
1369 5090 1384 5103 .
1415 5040 1587 5124 casos
1630 5039 1772 5126 byth
1798 5061 1975 5105 reson
2018 5039 2170 5126 (ego
2200 5040 2441 5122 neseio,
2487 5060 2759 5125 nequeo,
2805 5037 3000 5104 ullam
3029 5057 3285 5102 causam
3328 5036 3514 5104 inve-

573 5138 744 5225 nire)
777 5141 855 5207 P.
893 5143 1036 5225 121,
1071 5141 1129 5206 2.
1199 5141 1340 5227 byth
1367 5163 1544 5206 reson
1583 5155 1658 5226 3e
1685 5141 1819 5226 Ca3e
1861 5163 2090 5228 nynqee
2117 5141 2301 5228 keffys
2343 5140 2553 5225 (nulla
2578 5161 2778 5210 causa
2816 5138 3245 5208 interficiendi
3270 5148 3379 5207 est
3416 5139 3516 5206 in·
