3717 5642
869 425 951 496 V.
998 428 1057 494 2.
1123 441 1537 494 courosrrro
1578 441 1948 492 mamm
1988 440 2331 492 nomon.
2584 424 2901 489 (διδ-820)
2968 424 3094 490 853

1188 919 1514 1003 CAPUT
1563 916 2055 1002 ALTERUM
2073 981 2093 1000 .

1271 1105 1388 1180 De
1431 1103 1983 1204 compositione.

340 1325 840 1412 Compositionis
881 1324 1180 1392 facultate
1223 1325 1444 1412 lingua
1486 1324 1714 1391 celtica
1755 1347 1887 1390 non
1930 1324 2099 1392 cedit
2141 1323 2224 1390 iis
2268 1323 2505 1410 linguis
2550 1321 2879 1402 affinibus,
2924 1345 3085 1410 quae

193 1441 254 1494 ut
293 1427 514 1505 indica,
557 1450 811 1512 graeca,
855 1427 1221 1513 germanica
1261 1427 1536 1492 maxime
1580 1449 1660 1492 ea
1701 1427 2039 1508 excellunt,
2088 1435 2151 1492 et
2190 1427 2380 1510 longe
2424 1434 2683 1510 superat
2710 1423 2874 1506 illas,
2922 1445 3083 1510 quae

194 1541 252 1594 ut
289 1529 493 1607 latina,
538 1527 782 1595 slavica
822 1529 1031 1594 minus
1076 1552 1154 1594 ea
1193 1527 1426 1594 valent.

339 1631 402 1696 A
439 1639 696 1696 vetusta
735 1630 1092 1718 linguarum
1137 1629 1422 1696 affinium
1463 1627 1709 1694 ratione
1753 1628 2199 1715 componendi,
2248 1649 2375 1714 qua
2414 1637 2547 1692 tres
2590 1627 2849 1693 vocales
2892 1627 2978 1707 A,
3026 1628 3081 1710 Ι,

194 1729 242 1796 U
281 1729 618 1796 thematum
670 1731 900 1798 finales
955 1742 1288 1798 servantur
1337 1733 1407 1796 in
1451 1730 1913 1817 compositione
1928 1779 1946 1813 ‚
2007 1729 2223 1816 prisca
2274 1728 2507 1814 gallica
2558 1737 2799 1794 tantum
2853 1726 3083 1812 differt,

197 1831 341 1918 quod
380 1853 496 1917 pro
540 1857 584 1898 a
633 1833 916 1920 proferre
960 1833 1297 1900 consuevit
1336 1856 1405 1914 o,
1466 1831 1648 1898 cuius
1704 1829 2185 1898 consuetudinis
2240 1833 2531 1916 exempla
2586 1839 2839 1896 vetusta
2894 1853 3089 1918 supra

193 1943 534 2000 enumerata
563 1946 714 2000 sunt
753 1937 847 2022 (p.
880 1939 919 2000 7
923 1937 1058 2020 63).
1143 1934 1570 2022 Excipiuntur
1611 1934 1690 1999 ab
1723 1955 1802 1998 ea
1845 1933 2021 2000 solae
2063 1933 2414 2019 particulae
2456 1933 2823 2000 desinentes
2868 1944 2976 1998 aut
3019 1935 3085 1998 in

191 2057 480 2104 consonas
524 2035 891 2119 (In-subres
911 2085 929 2117 ‚
979 2034 1334 2120 Con-date,
1381 2035 1886 2116 Ver-nemetum,
1930 2033 2323 2118 Ad-minius,
2367 2033 2937 2120 Ex-cincomarus)
2978 2049 3085 2100 aut

191 2137 244 2202 in
281 2161 308 2201 e
348 2136 790 2222 (Are-morici,
836 2137 1272 2221 Ate-boduus,
1320 2135 1873 2219 Ante-camalam)
1932 2144 2121 2221 atque
2166 2159 2293 2202 una
2344 2136 2451 2202 vel
2494 2135 2695 2202 altera
2735 2159 2862 2204 vox
2914 2161 2998 2224 qu
3010 2161 3083 2204 ae

195 2240 542 2325 praesertim
583 2249 732 2326 post
771 2239 1048 2305 mediam
1093 2240 1298 2306 vocali
1344 2239 1598 2306 facilius
1641 2259 1860 2304 carere
1886 2237 2095 2324 potuit
2135 2237 2577 2324 (Lug-dunum
2622 2239 2798 2308 iuxta
2838 2240 3084 2327 plenio-

189 2363 298 2406 rem
335 2341 596 2406 formam
638 2341 1064 2426 Lugodunum
1108 2341 1211 2407 vel
1251 2341 1697 2429 Lugudunum,
1745 2338 2169 2421 coh-nortus,
2216 2339 2647 2420 Bod-vacius‚
2698 2340 3082 2426 Vod-goria-

191 2445 358 2526 cum).
449 2441 689 2507 Contra
727 2441 1046 2530 interponi
1091 2465 1342 2530 quoque
1387 2445 1596 2510 solere
1637 2465 1672 2507 ο
1713 2453 1863 2528 post
1902 2441 2181 2508 themata
2221 2441 2523 2508 consonis
2566 2443 2925 2526 terminata,
2973 2469 3083 2512 ex-

191 2543 374 2630 emplo
415 2555 570 2610 sunt
609 2543 870 2610 nomina
905 2543 1332 2630 Cingeto-rix,
1378 2545 1891 2632 Vercingeto-rix
1934 2543 2092 2626 (hib.
2126 2551 2253 2610 vet.
2286 2545 2447 2630 cinq,
2490 2566 2633 2626 gen.
2666 2547 2901 2632 cinqed,
2950 2548 3081 2612 bel-

191 2644 347 2728 lator,
391 2647 490 2712 vir
533 2645 778 2730 fortis);
824 2657 1244 2733 aspernantur
1287 2647 1690 2734 copulantem
1732 2648 1897 2713 hanc
1942 2645 2227 2712 vocalem
2271 2667 2467 2711 voces
2511 2645 2819 2731 quaedam
2866 2650 3081 2713 termi-

186 2757 347 2812 natae
388 2746 643 2834 syllaba
683 2749 767 2812 -is
811 2748 914 2832 (ut
941 2749 1318 2830 Ans-mara,
1369 2747 1907 2830 Cattis-mandas,
1952 2745 2389 2830 Ratis-bona).

329 2847 486 2916 Tres
531 2850 677 2917 illas
721 2859 1010 2918 vetustas
1053 2851 1314 2918 vocales
1357 2850 1842 2938 compositionis
1859 2899 1877 2932 ‚
1936 2871 2101 2936 quae
2154 2847 2431 2915 deficere
2474 2848 2793 2934 incipiunt
2844 2851 2965 2916 iam
3012 2853 3078 2916 in

181 2949 366 3032 prisca
405 2950 659 3037 lingua,
717 2963 868 3038 post
911 2952 1336 3020 Romanorum
1379 2960 1646 3018 aetatem
1691 2950 1897 3038 magis
1937 2951 2269 3038 magisque
2323 2948 2639 3017 defecisse
2694 2952 2843 3018 inde
2899 2953 3081 3018 colli-

181 3051 430 3134 gendum
472 3059 608 3134 est,
667 3054 840 3139 quod
881 3055 1008 3120 nisi
1063 3056 1132 3120 in
1173 3055 1702 3141 inscriptionibus
1757 3051 2027 3140 ogmicis
2082 3075 2165 3118 ne
2214 3052 2283 3118 in
2328 3053 2785 3119 vetustioribus
2828 3054 3081 3140 quidem

182 3153 583 3220 monumentis
633 3164 742 3220 aut
781 3155 1148 3222 hibernicae
1191 3157 1448 3244 linguae
1491 3166 1600 3222 aut
1640 3153 2037 3222 britannicae
2080 3153 2211 3220 ulla
2252 3163 2565 3240 superest.
2650 3153 2947 3240 'vestigia
2986 3165 3081 3222 ta-

179 3274 306 3318 men
355 3275 770 3322 excussurum
821 3257 1046 3324 relicta
1111 3279 1256 3324 esse
1309 3257 1545 3324 infecta
1597 3279 1883 3325 consona
1934 3255 2275 3341 principali
2344 3256 2521 3322 vocis
2576 3255 2951 3342 posterioris
3012 3258 3081 3322 in

179 3355 626 3442 compositione
669 3379 864 3443 supra
909 3358 1416 3428 demonstratum,
1445 3369 1548 3424 est
1587 3357 1680 3444 (p.
1719 3357 1893 3442 176).

325 3449 694 3545 Composita
719 3459 868 3545 ipsa
894 3460 1224 3548 utriusque
1253 3461 1512 3546 linguae
1541 3458 1844 3546 vigentis,
1895 3470 1959 3525 et
1984 3459 2351 3527 hibernicae
2396 3471 2461 3528 et
2486 3459 2907 3542 britannicae,
2952 3459 3077 3525 iam

177 3559 686 3626 enumerabuntur
729 3563 1081 3628 secundum
1123 3563 1410 3628 ordinem
1451 3561 1724 3648 partium
1766 3559 2091 3627 orationis.
2169 3559 2643 3650 Subiungentur
2684 3561 2753 3626 in
2796 3561 2933 3627 fine·
2968 3561 3077 3627 de-

179 3661 530 3746 composita,
577 3661 622 3726 i.
655 3684 709 3727 e.
757 3685 796 3730 e
841 3664 1128 3750 pluribus
1171 3665 1438 3732 vocibus
1473 3663 1844 3750 composita.
1931 3661 2307 3732 Hibernicis
2348 3663 2454 3730 hic
2486 3685 2739 3751 quoque
2780 3664 3077 3750 praemit-

175 3770 364 3828 tentur
402 3773 660 3830 vetusta
701 3765 1016 3852 exempla·
1036 3765 1287 3852 gallica.

1365 3997 1871 4010 m·-

985 4213 1042 4288 1.
1123 4213 1694 4317 Compositio
1746 4215 2242 4291 hibernica.

1110 4417 1193 4483 A.
1285 4417 1618 4484 Nomina
1659 4417 2119 4503 composita.

330 4585 506 4652 Idem
549 4607 807 4672 semper
852 4593 952 4653 est
991 4586 1418 4674 componendi
1463 4587 1716 4672 modus,
1763 4588 1903 4654 sive
1946 4587 2119 4674 prior
2160 4609 2289 4654 vox
2330 4595 2431 4652 est
2457 4585 2737 4672 genetivi
2782 4584 2885 4650 vel
2913 4584 3075 4650 alius

175 4705 348 4753 casus
397 4687 638 4774 obliqui
682 4686 850 4770 loco,
899 4688 1042 4755 sive
1082 4689 1460 4754 nominativi
1503 4691 1607 4756 vel
1652 4691 1965 4777 apposita,
2010 4699 2082 4754 ut
2118 4689 2196 4755 fit
2232 4689 2301 4754 in
2345 4688 2637 4754 dialectis
2683 4685 2948 4752 celticis.

325 4792 386 4854 1.
447 4787 987 4857 substantiva
1027 4811 1192 4856 cum
1237 4791 1804 4858 substantivis.
1904 4790 2175 4858 Vetusta
2214 4790 2449 4878 gallica
2492 4779 2753 4857 nomina
2804 4788 3077 4874 plurima

171 4891 504 4976 composita
533 4902 702 4968 -sunt
743 4913 780 4956 e
825 4890 1074 4956 duobus
1121 4891 1561 4973 substantivis,
1609 4892 1983 4980 praesertim
2024 4892 2089 4956 in
2137 4889 2369 4979 quibus
2412 4891 2827 4978 posteriorem
2868 4890 3072 4956 locum

167 4997 368 5056 tenent
411 5013 604 5058 voces
647 4991 796 5073 -rix,
842 4991 1008 5056 ·reix
1053 4992 1146 5075 (=-
1189 4993 1426 5079 reig·s;
1472 4994 1581 5060 lat.
1625 5017 1760 5076 rex,
1811 5016 2006 5080 germ.
2050 4994 2246 5080 -r1k)‚
2300 4993 2591 5075 -dunum‚
2637 4992 2893 5057 -durum
2936 4992 3073 5077 (ca-

169 5093 378 5177 strum)
419 5103 578 5175 etc.‚
633 5103 704 5160 ut
741 5093 1099 5160 Dumnorix
1143 5092 1301 5177 (bib.
1335 5095 1593 5171 domun,
1641 5096 1987 5179 mundus),
2049 5092 2371 5181 Bituriges
2414 5095 2575 5180 (hib.
2616 5093 2778 5177 hiel»,
2839 5094 3072 5160 cambr.

167 5205 274 5258 vet.
305 5193 412 5280 ba,
445 5195 776 5282 mundus),
823 5193 1165 5280 Caturiges
1197 5193 1356 5280 (hib.
1387 5198 1546 5280 cath,
1575 5199 1811 5266 cambr.
1840 5207 1969 5264 vet.
1999 5209 2121 5284 cat,
2154 5196 2425 5286 pugna),
2470 5194 2877 5264 Moridunum
2910 5195 3071 5282 (hib.
