3717 5642
560 370 599 433 6
614 368 693 435 86
754 371 889 431 (649-
920 370 1041 432 650)
1294 364 1411 431 IV.
1484 366 1543 431 2.
1616 382 2190 431 ΡΒΑΕΡοειτιοΝκε
2233 380 2709 433 flammivom.

549 556 761 640 yenthi
804 553 999 637 (dabo
1030 552 1167 633 tibi,
1213 550 1423 636 inquit
1448 572 1579 633 rex,
1624 551 1827 617 filiam
1855 575 2065 618 meam
2091 552 2162 617 in
2189 552 2652 619 matrimonium
2683 561 2748 619 et
2775 552 3102 618 dimidium
3129 552 3312 638 regni
3351 552 3478 619 mei

554 680 696 722 eum
744 655 849 738 ea)
910 659 963 736 1,
1008 656 1149 718 291.
1220 665 1391 717 enteu
1432 652 1749 717 alcemerlaeo
1790 654 2099 739 ἠομ-ἠέρα
2149 652 2410 740 ykentlzy
2462 656 2542 743 hy
2592 656 2682 740 (is
2728 655 2836 741 qui
2881 654 3228 739 sumpserit
3279 656 3478 721 vades

556 760 633 822 ab
680 756 820 839 illa)
876 754 1036 841 Leg.
1069 756 1127 834 2,
1168 759 1219 836 1,
1252 756 1353 820 28.
1439 754 1613 819 Plur.
1665 758 1718 819 1.
1762 778 1966 841 pers.:
2025 768 2135 839 nyt
2177 755 2284 819 dec
2325 780 2401 821 ac
2442 768 2552 843 nyt
2593 758 2802 843 diym'f
2831 757 3094 843 yenhym
3136 754 3298 838 (non
3341 757 3480 842 pul-

556 859 769 924 chrum
812 880 933 923 nee
966 858 1263 923 decorum
1292 858 1640 923 secundum
1668 856 1818 940 nos)
1849 854 2026 921 Mab.
2059 859 2116 937 2,
2150 858 2291 921 247.
2354 859 2564 923 admo
2587 880 2687 943 μω
2709 880 2976 944 yennym
3001 858 3074 921 πί
3096 857 3196 942 (et
3225 880 3478 943 aegrum

554 961 741 1027 nobis
789 961 917 1044 est)
969 964 1021 1041 1,
1057 962 1156 1025 37.
1226 960 1309 1045 dy
1346 961 1539 1045 gyrch,
1594 960 1665 1023 di
1698 980 1964 1044 qennym
2005 960 2078 1021 ni
2126 958 2306 1042 (veni
2349 969 2420 1025 tu
2463 959 2825 1043 nobiseum)
2877 961 2938 1039 2,
2981 960 3121 1025 213.
3192 984 3238 1047 y
3287 962 3480 1025 kollae

554 1066 742 1127 owein
792 1086 834 1146 y
885 1085 1147 1147 yennym
1206 1062 1395 1146 (abiit
1450 1060 1526 1126 O.
1591 1083 1630 1125 a
1684 1059 1904 1143 nobis)
1961 1063 2014 1139 1,
2059 1062 2161 1125 21.
2263 1062 2322 1125 2.
2369 1084 2568 1148 pers.:
2635 1065 2816 1126 nouit
2867 1062 3144 1147 amyeled
3189 1063 3482 1147 qenmoch

554 1178 763 1250 mynet,
802 1186 923 1249 gyno
970 1164 1198 1248 (nolite
1242 1163 1449 1228 vereri
1492 1164 1587 1228 ire
1626 1162 1811 1246 illue)
1854 1162 1913 1243 2,
1955 1164 2098 1227 215.
2188 1163 2247 1227 3.
2279 1186 2476 1248 pers.:
2523 1165 2690 1227 drwo
2731 1163 2853 1249 vyd
2886 1174 3152 1249 qantunt
3191 1164 3482 1247 (aegrum

556 1268 673 1332 erit
721 1266 845 1349 eis)
897 1270 950 1346 1,
988 1270 1084 1329 14.
1152 1268 1254 1347 ses
1282 1268 1587 1351 ymdidan
1634 1264 1851 1350 aylwei
1889 1275 2154 1349 qantunt
2197 1263 2352 1349 (hoo
2393 1266 2636 1331 narrari
2681 1264 2978 1331 audiebat
3019 1266 3188 1351 apud
3233 1264 3378 1348 eos)
3423 1266 3480 1343 2,

555 1368 655 1433 38.
702 1368 981 1452 peleidyr
1019 1369 1365 1453 yodeuawc
1402 1380 1665 1454 qantynt
1712 1365 2000 1449 (hastilia
2041 1366 2233 1451 longa
2276 1367 2447 1451 apud
2491 1367 2664 1450 eos),
2703 1388 2931 1452 qwaew
2970 1379 3232 1453 Ιᾳαπιξςυιι
3275 1371 3484 1431 anvei·

556 1470 736 1534 trawl
772 1492 815 1553 y
858 1472 1020 1533 veint.
1062 1468 1276 1552 (hasta
1335 1470 1505 1555 apud
1550 1492 1662 1533 eos
1704 1469 2053 1533 immensae
2095 1467 2581 1553 magnitudinis)
2631 1472 2685 1549 1,
2718 1469 2817 1533 24.
2854 1470 2994 1533 247.

728 1571 1005 1639 Corniee
1050 1596 1176 1637 uno
1228 1572 1519 1657 exemplo
1568 1580 1833 1657 exeepto
1879 1582 1944 1635 et
1984 1570 2330 1635 aremoriee
2374 1592 2628 1654 semper
2669 1570 2822 1635 iam·
2841 1570 3144 1637 destituta
3183 1592 3248 1651 ο,
3307 1592 3482 1635 eoru.

566 1673 802 1741 GANS
846 1674 943 1758 (=
966 1684 1138 1759 qaut,
1182 1696 1244 1759 p.
1286 1674 1457 1758 153),
1504 1696 1693 1739 arem.
1738 1670 1986 1739 GANT
2031 1672 2203 1756 (ven.
2229 1672 2378 1758 yet).

729 1775 785 1843 C
806 1799 885 1841 or
898 1798 993 1838 n.:
1034 1796 1185 1860 qrey
1227 1797 1374 1839 cam
1411 1799 1534 1861 ⁸qm·
1578 1774 1815 1859 (uxor),
1854 1794 1978 1861 qm·
2015 1796 2172 1861 qam
2207 1797 2402 1861 yrueq
2445 1772 2770 1858 (maritus)
2815 1772 2972 1839 Voo.
3007 1774 3086 1839 7¹⁵.
3139 1796 3299 1860 qam
3345 1773 3484 1837 lad-

564 1880 719 1943 dron
772 1900 815 1963 y
860 1889 1108 1959 ιεωεῖαε
1163 1874 1339 1958 (oum
1382 1876 1731 1943 latronibus
1774 1875 2012 1959 finivit,
2053 1875 2261 1959 obiit)
2319 1875 2393 1942 P.
2445 1877 2581 1957 186,
2612 1879 2672 1941 4.
2733 1900 2890 1962 qam
2929 1898 3106 1941 meur
3147 1898 3190 1939 a
3217 1876 3482 1960 salom-gy

560 1981 825 2065 (magna
880 2002 1021 2043 oum
1075 1976 1384 2061 falsitate)
1440 1980 1538 2060 35,
1578 1982 1638 2043 4.
1696 2001 1783 2064 yn
1830 2000 2071 2065 yrowys
2118 2000 2276 2064 yram
2327 1978 2591 2043 kene-ow
2629 1978 2826 2061 fastis
2878 1979 2978 2063 (in
3033 2001 3222 2045 eruce
3255 1976 3484 2044 -elavis

554 2081 753 2165 fixus)
800 2082 859 2160 2,
889 2083 949 2144 4.
999 2102 1157 2166 yram
1190 2080 1383 2164 pedm·
1425 2080 1505 2143 Ῐια
1548 2084 1748 2145 iowan
1786 2102 2020 2165 ⁷2an
2065 2079 2166 2145 boe
2205 2102 2380 2166 sopet-
2411 2102 2606 2167 parye
2648 2079 2793 2165 (per
2834 2079 3098 2147 Petrum
3141 2090 3207 2148 et
3247 2079 3486 2145 Iohan-

557 2206 709 2249 nem
754 2204 924 2247 nune
965 2190 1189 2267 parata
1230 2189 1329 2245 est
1375 2181 1564 2266 eena)
1608 2179 1691 2247 D.
1725 2182 1868 2247 700.

728 2283 893 2351 Cum
938 2307 1118 2368 pron.
1162 2283 1333 2349 suffit
1394 2284 1560 2369 sing.
1612 2286 1665 2347 1.
1711 2305 1917 2369 pers.:
1974 2282 2172 2369 deuyk
2210 2283 2412 2370 qeneff
2447 2283 2692 2367 (venite
2733 2284 3013 2368 meeum)
3057 2282 3132 2349 P.
3162 2285 3266 2365 63,
3297 2284 3358 2349 3.
3431 2296 3490 2347 te

559 2414 598 2451 α
640 2388 783 2472 vyeh.
814 2439 825 2452 .
856 2436 870 2450 .
897 2434 909 2447 .
939 2383 1081 2470 y[n]
1126 2386 1391 2470 paradis
1427 2408 1694 2471 yenama
1739 2385 1839 2469 (tu
1883 2386 2010 2451 eris
2050 2385 2120 2449 in
2162 2383 2458 2471 paradiso
2501 2384 2780 2468 mecum)
2829 2385 2968 2467 193,
2999 2386 3060 2449 4.
3109 2406 3260 2470 yma
3293 2386 3500 2471 yynef

538 2491 793 2573 flowrys
823 2487 915 2551 tek
954 2486 1135 2570 (sunt
1162 2486 1317 2551 mihi
1358 2486 1549 2553 flores
1578 2487 1813 2573 pulcri)
1842 2486 1926 2551 D.
1958 2487 2102 2553 258.
2168 2487 2227 2549 2.
2257 2508 2457 2571 pers.:
2501 2507 2606 2571 ‘my
2635 2512 2676 2551 α
2701 2508 2910 2572 yynee,
2949 2508 3046 2551 me
3072 2510 3116 2550 a
3139 2509 3315 2573 qenes
3343 2488 3488 2573 (ibo

554 2589 793 2673 tecum)
822 2590 906 2654 D.
944 2590 1083 2653 191.
1116 2592 1260 2656 461.
1310 2612 1475 2675 praq
1517 2613 1601 2653 na
1645 2604 1794 2673 'jons
1816 2611 2007 2675 yona-s
2049 2588 2194 2671 (our
2233 2610 2364 2653 non
2407 2589 2674 2654 veniunt
2713 2588 2996 2673 teonm?)
3041 2588 3114 2655 P.
3148 2590 3248 2670 78,
3281 2590 3340 2653 2.
3395 2612 3490 2653 ow

554 2694 735 2757 holon
760 2714 908 2778 yma
931 2712 1120 2777 yenas
1153 2690 1296 2775 (eor
1324 2712 1529 2756 meum
1560 2700 1659 2757 est
1683 2691 1926 2775 tecum)
1964 2691 2103 2772 172,
2138 2691 2196 2755 2.
2266 2691 2323 2755 3.
2346 2712 2526 2789 pers.
2557 2712 2782 2757 mase.:
2821 2713 3014 2777 yaneo
3043 2712 3078 2757 o
3107 2692 3310 2777 tewlye
3337 2692 3490 2778 (per

558 2818 702 2860 eum
732 2804 867 2859 erat
896 2794 1227 2879 statutum)
1260 2797 1317 2875 7,
1352 2796 1409 2859 3.
1476 2792 1686 2859 Fem.:
1728 2814 1918 2879 yensy
1943 2802 2107 2876 preat
2146 2790 2199 2874 ij
2222 2814 2416 2877 venyn
2447 2794 2544 2857 len
2571 2815 2672 2857 esa
2699 2792 2878 2877 (eum
2907 2815 2986 2859 ea
3010 2802 3268 2879 praest-o
3299 2806 3488 2859 erant

558 2898 721 2963 duae
748 2895 1049 2962 mulieres
1090 2895 1347 2980 fideles)
1395 2896 1535 2974 167,
1570 2899 1623 2959 1.
1682 2894 1781 2960 bos
1821 2908 1893 2977 3e
1920 2908 2004 2977 31⁴
2043 2908 2114 2976 3e
2153 2894 2303 2958 wull
2339 2916 2534 2980 qymy
2579 2894 2756 2978 (esse
2788 2894 2906 2960 deo
2935 2895 3296 2961 faciendum
3341 2918 3486 2961 oum

557 3022 651 3081 ea,
697 2997 909 3082 asina)
952 2999 1055 3078 27,
1090 3000 1149 3061 4.
1217 2997 1389 3062 Plur.
1428 3001 1481 3063 1.
1512 3020 1713 3084 pers.:
1753 3018 1946 3083 yenen
1989 2998 2180 3080 ‹tt-eyia
2223 2994 2336 3059 neb
2378 3017 2438 3059 es
2481 2996 2598 3061 den
2635 2996 2790 3081 ylan
2821 3020 2919 3083 μω
2961 2996 3330 3080 (nobiseum
3375 2998 3490 3085 qui

558 3110 657 3166 est
702 3122 1078 3186 suspensuS,
1122 3098 1313 3163 homo
1358 3121 1556 3185 purus
1601 3099 1729 3183 est)
1780 3099 1918 3179 192,
1951 3099 2010 3161 2.
2108 3100 2166 3161 2.
2211 3118 2412 3183 pers.:
2462 3098 2740 3183 qenouqh.
2791 3120 2887 3163 me
2927 3123 3070 3163 nvm
3127 3100 3272 3185 byth
3323 3111 3492 3186 treye

416 3279 423 3289 ¹
558 3202 925 3286 (vobiscum
966 3223 1097 3265 non
1140 3200 1389 3267 habebo
1421 3204 1621 3286 stare)
1668 3202 1767 3281 37,
1802 3202 1860 3265 2.
1934 3200 1994 3264 3.
2041 3220 2242 3285 pers.:
2289 3199 2407 3283 ἄη]
2429 3221 2619 3284 qame
2659 3197 2914 3281 (afferre
2959 3222 3194 3283 seeum,
3241 3202 3490 3269 asinam

560 3326 669 3370 eos
714 3302 931 3387 iussit)
988 3304 1092 3385 27,
1138 3302 1197 3366 3.
1256 3326 1457 3388 yama
1496 3325 1538 3387 y
1582 3326 1665 3367 an
1708 3300 2151 3385 hombronkyas
2205 3298 2454 3383 (seeum
2503 3300 2634 3387 ipsi
2689 3323 2834 3366 eum
2876 3302 3217 3388 duxerunt)
3275 3306 3378 3385 76,
3425 3306 3488 3369 3.

553 3428 743 3491 qanee
784 3416 1063 3491 oymnent
1106 3403 1281 3487 (eum
1325 3403 1425 3485 iis,
1470 3404 1698 3469 Mariis
1744 3404 1968 3483 tribus,
2011 3403 2431 3488 unguentum)
2478 3403 2620 3485 252,
2655 3405 2712 3468 3.

724 3506 1189 3572 Aremorica
1233 3505 1552 3591 exempla:
1597 3516 1751 3591 qaut
1797 3496 2052 3589 (‘eum’)
2097 3504 2284 3571 cath.
2341 3528 2426 3569 an
2469 3515 2562 3569 tut
2597 3516 2753 3590 qamt
2791 3518 3078 3571 carantez
3120 3509 3237 3575 hac
3277 3522 3490 3573 antro—

568 3632 673 3673 nez
716 3621 871 3695 qaut
909 3610 1059 3694 quio·
1088 3608 1194 3691 sez
1241 3630 1345 3671 am
1391 3606 1527 3670 bezo
1570 3606 1879 3693 (populus
1924 3628 2070 3672 oum
2113 3628 2325 3672 amore
2372 3616 2435 3671 et
2461 3606 2714 3672 nobiles
2757 3627 2898 3671 oum
2940 3630 3094 3673 vera
3131 3610 3259 3675 fide
3303 3622 3492 3674 erunt

566 3710 751 3794 mihi)
789 3709 952 3775 Buh.
1001 3710 1105 3791 34,
1140 3710 1196 3772 7.
1230 3710 1289 3774 8.
1350 3720 1579 3773 antron
1618 3721 1773 3794 qaut
1814 3708 1958 3773 bruc
1996 3710 2108 3773 boz
2151 3709 2428 3792 saludaff
2464 3707 2770 3793 (domine,
2813 3728 2960 3773 oum
2987 3708 3232 3776 honore
3271 3720 3338 3775 te
3383 3732 3490 3777 sa-

564 3811 731 3894 luto)
784 3812 921 3891 178,
958 3814 1013 3874 1.
1067 3833 1205 3875 maz
1242 3810 1446 3896 pliclie
1482 3820 1637 3895 qaut
1676 3812 1788 3875 doe
1831 3809 1923 3895 (si
1949 3808 2202 3896 placeat
2227 3808 2379 3893 deo)
2429 3811 2526 3891 18,
2565 3811 2628 3873 4.
2679 3822 2833 3896 qaut
2875 3811 2986 3875 doe
3023 3834 3090 3875 eo
3131 3834 3276 3877 oren
3297 3834 3492 3898 your-

557 3916 869 3979 hemennet
913 3911 983 3995 (a
1028 3912 1146 3977 deo
1194 3911 1482 3997 protinus
1524 3910 1902 3998 imperatum
1943 3911 2073 3995 est)
2113 3913 2176 3991 4,
2207 3914 2266 3976 4.

733 4012 1105 4099 Composita
1146 4034 1363 4098 praep.
1411 4012 1632 4098 diyant
1668 4011 2070 4098 respondens
2110 4012 2262 4077 item
2303 4011 2412 4077 lat.
2443 4036 2512 4077 a:
2557 4012 2776 4097 diqant
2815 4034 2962 4077 roen
2997 4014 3140 4100 ylen
3179 4037 3242 4079 ez
3281 4016 3492 4100 qoule-

560 4116 708 4200 παρ’.
771 4116 990 4200 diyant
1028 4135 1173 4177 roen
1219 4111 1312 4177 bet
1348 4134 1445 4175 me
1486 4115 1744 4197 impetro
1788 4112 1859 4196 (a
1898 4135 2052 4197 rege
2092 4120 2300 4177 terrae
2341 4122 2517 4199 pet0,
2565 4136 2605 4177 a
2643 4134 2798 4197 rege
2839 4114 3059 4180 mundi
3103 4115 3490 4200 impetrabo)

560 4216 727 4282 Buh.
765 4216 901 4295 132,
940 4216 1035 4280 13.
1087 4214 1226 4295 190,
1260 4214 1359 4277 21.
1412 4236 1549 4277 nem
1579 4212 1682 4277 boe
1708 4226 1886 4278 κείνα
1919 4216 2141 4299 diqant
2167 4212 2319 4277 alan
2348 4213 2508 4297 (non
2537 4213 2730 4279 habui
2759 4214 3103 4301 quidquam
3131 4216 3212 4281 ab
3239 4216 3492 4301 Alano)

569 4320 705 4401 166,
743 4321 839 4382 17.
909 4338 1017 4380 nos
1058 4325 1191 4379 mat
1232 4316 1457 4401 (ἱέρακι
1496 4316 1606 4379 doe
1648 4314 1849 4398 (bona
1889 4336 2018 4379 nox
2061 4338 2100 4379 a
2140 4314 2290 4399 deo)
2333 4314 2468 4381 MJ.
2500 4316 2654 4381 48b.

732 4420 889 4484 Cum
932 4440 1117 4504 pron.
1164 4417 1335 4483 suffit
1393 4417 1556 4502 sing.
1620 4418 1675 4480 1.
1718 4439 1919 4502 pers.:
1991 4416 2154 4480 deux
2192 4415 2450 4501 quean,
2497 4417 2660 4481 deux
2696 4419 2945 4503 queneff
2984 4418 3161 4502 (veni
3207 4421 3489 4505 meeum)

562 4522 724 4587 Buh.
762 4524 858 4601 14,
898 4522 993 4583 14.
1038 4520 1174 4599 126,
1208 4520 1308 4582 22.
1364 4517 1529 4603 quel!
1566 4539 1641 4581 ue
1678 4518 1926 4603 yueneff
1963 4508 2322 4601 (mallens)
2369 4516 2553 4585 Cath.
2601 4540 2736 4601 pan
2777 4542 2821 4582 a
2849 4520 3160 4605 diquenq’ff
3195 4520 3492 4606 (quando

563 4622 837 4687 discedit
878 4644 918 4685 a
957 4620 1090 4703 me)
1135 4618 1273 4685 MJ.
1308 4620 1429 4683 130
1442 4641 1499 4682 a.
1568 4630 1663 4683 aet
1705 4640 1770 4681 eo
1815 4618 2128 4704 diqueneff
2162 4638 2270 4683 ma
2299 4618 2488 4702 cle-ffec
2531 4617 2722 4702 (abiit
2759 4642 2802 4684 a
2827 4642 2928 4686 me
2968 4624 3229 4688 morbus
3269 4626 3492 4708 meus)

558 4723 725 4789 Buh.
763 4725 903 4805 198,
936 4724 995 4786 6.
1086 4724 1145 4788 2.
1192 4744 1393 4808 pers.:
1437 4742 1663 4807 quemn
1706 4732 1906 4784 cet-ten
1947 4741 2010 4782 ez
2054 4718 2142 4802 off
2167 4732 2383 4803 prenet
2425 4719 2570 4805 (per
2599 4730 2664 4785 te
2705 4730 2880 4806 petto
2925 4744 3062 4787 sum
3091 4724 3493 4811 redemptus)

567 4826 663 4907 10,
703 4827 797 4890 15.
865 4826 1178 4910 anedindy
1234 4826 1379 4889 duet
1424 4822 1697 4907 quenede
1752 4822 1996 4906 (nonne
2053 4828 2366 4895 venerunt
2406 4820 2452 4883 ii
2493 4830 2734 4904 tecum,
2789 4824 3104 4909 apportati
3115 4824 3176 4911 Ρ)
3241 4828 3382 4909 158,
3425 4832 3488 4895 8.

564 4930 623 4992 3.
667 4949 837 5013 pers.
884 4948 1112 4991 masa:
1158 4946 1299 4989 mar
1340 4924 1501 4987 deux
1537 4924 1783 5009 yantaff
1819 4921 1908 5006 (si
1955 4930 2054 4988 est
2091 4920 2265 5007 apud
2309 4944 2470 4999 eum,
2511 4923 2870 5009 argentum)
2907 4926 3004 5006 10,
3035 4926 3136 4989 20.
3165 4950 3330 4991 mar
3349 4930 3490 5015 pliq

558 5029 811 5115 yantaff
848 5028 938 5111 (si
984 5027 1203 5112 placet
1246 5024 1325 5106 ei,
1372 5023 1525 5107 deo)
1574 5025 1672 5107 12,
1704 5028 1763 5090 5.
1826 5048 1858 5089 e
1900 5025 2025 5089 hou
2055 5034 2204 5109 θοαί
2245 5045 2370 5109 aya
2411 5025 2712 5111 dt'qantaf
2756 5025 2994 5109 (omnis
3040 5026 3177 5097 eius
3221 5034 3488 5120 sanguis

562 5129 695 5197 exit
737 5130 817 5195 ab
863 5130 969 5213 eo)
1024 5127 1159 5193 MJ.
1212 5128 1401 5193 108a.
1472 5148 1566 5191 me
1602 5128 1737 5211 ,νεὼ
1782 5126 1948 5211 equit
1983 5174 1998 5189 .
2023 5174 2040 5191 .
2073 5173 2090 5189 .
2130 5126 2358 5209 oaffout
2398 5146 2480 5190 vu
2519 5138 2652 5193 mat
2693 5128 2961 5215 diqataff
3007 5128 3144 5212 (ibo
3189 5135 3272 5201 ad
3315 5137 3486 5201 ,0οῇ-
