3717 5642
1291 379 1671 434 mano
1713 377 2070 432 siml-om.
2544 357 2762 427 (xm
2786 355 2945 425 xlx)
3016 353 3147 424 XV

235 555 292 618 et
327 549 620 621 docffina
669 551 776 620 vsi
817 571 1048 638 genere
1099 559 1168 620 et
1209 549 1440 638 opibus
1493 550 1900 638 insigniores.
2000 547 2197 618 Circa
2235 545 2511 616 medium
2552 543 2835 614 eiusdem
2880 541 3145 624 saeculi,

233 662 404 730 cuius
457 661 644 728 initio
699 661 848 728 data
897 669 998 728 001
1047 661 1242 728 allata
1295 661 1538 742 charta,
1596 661 2045 728 monasterium
2102 659 2321 728 Sancti
2364 656 2569 738 Grani,
2622 679 2765 724 cum
2816 661 3149 743 praeesset

233 769 592 840 Grimoldus
647 772 844 838 abbas
897 794 1026 838 una
1067 792 1210 838 cum
1249 769 1614 852 Hartinoto‚
1667 769 1901 842 8001110
1960 769 2211 834 Marone
2264 789 2407 836 011111
2451 767 2686 834 sororis
2740 767 2905 845 filio,
2964 765 3145 830 cuius

232 905 455 950 nomen
503 891 640 948 erat
683 881 992 968 Moenqal,
1045 879 1250 946 Roma
1302 881 1556 948 rediens
1611 881 1901 948 visitavit
1952 881 2167 966 ibique
2222 879 2457 945 mansit
2494 899 2699 964 usque
2742 876 2821 942 ad
2844 883 3147 942 mortem.

232 991 350 1075 Qui
397 992 632 1058 dicitur
673 992 824 1064 item
871 991 1211 1077 episcopus
1257 1000 1321 1056 et
1364 991 1544 1058 dives
1585 992 1720 1072 fuit,
1767 1013 1907 1057 cum
1950 991 2278 1070 comitatu,
2327 989 2508 1075 equis
2558 995 2620 1052 01
2664 987 2851 1052 11111110
2898 985 3150 1072 profici·

235 1123 430 1170 scens.
499 1101 694 1170 Addo
736 1100 1037 1168 librorum
1081 1123 1292 1183 causa,
1341 1123 1604 1190 quorum
1645 1103 1718 1168 fit
1746 1101 2001 1184 mentio,
2044 1123 2207 1188 quae
2238 1107 2571 1166 narrantur
2614 1099 2693 1164 de
2738 1096 2913 1164 abitu
2958 1097 3149 1161 comi-

235 1221 353 1278 tum
397 1212 540 1280 eius
597 1213 664 1278 in
705 1209 996 1298 Ratperti
1049 1210 1327 1280 Casibus
1383 1211 1446 1282 S.
1493 1211 1664 1280 Galli
1721 1209 1961 1296 (Pertz.
2008 1212 2066 1292 2,
2114 1211 2256 1296 78):
2326 1201 2699 1296 ‘Equos‘et
2756 1207 2957 1272 mulos
3014 1207 3151 1293 epi-

237 1345 466 1408 scopus
511 1321 802 1402 tradidit,
859 1321 1114 1388 libros
1159 1344 1344 1403 vero,
1403 1345 1622 1388 aurum
1665 1329 1730 1387 et
1769 1321 1968 1409 pallia
2021 1321 2179 1388 sibi
2234 1329 2309 1384 01
2349 1327 2623 1384 sancto
2668 1317 2903 1385 Gallo
2956 1315 3145 1382 reti·

235 1433 424 1514 nuit,
485 1431 654 1498 stola
693 1432 948 1499 tandem
989 1431 1249 1498 indutus
1294 1434 1600 1500 abeuntes
1642 1432 1986 1500 benedixit.
2088 1429 2311 1498 Multis
2358 1437 2565 1496 autem
2606 1426 2887 1496 lacrimis
2934 1427 3152 1492 utrim-

237 1565 348 1629 que
391 1542 754 1609 discessum
798 1551 914 1608 est.
1000 1541 1419 1610 Remanserat
1461 1543 1802 1630 episcopus
1847 1565 1991 1610 cuni
2032 1549 2265 1629 nepote
2320 1549 2385 1608 et
2424 1539 2649 1628 paucis
2692 1557 2849 1604 suae
2889 1535 3149 1624 linguae

238 1643 728 1740 apparitoribus?

399 1761 512 1830 Fit
551 1761 810 1849 quidem
863 1763 1100 1831 mentio
1157 1765 1400 1832 codicis
1443 1761 1758 1830 Prisciani
1773 1813 1790 1842 ‚
1847 1761 1957 1849 qui
2008 1761 2077 1828 in
2122 1760 2500 1828 monasterio
2546 1757 2611 1828 S.
2654 1756 2831 1826 Galli
2875 1759 3151 1845 scriptus

235 1872 428 1954 fuerit,
473 1873 545 1938 in
591 1871 824 1940 codice
865 1874 1232 1940 monasterii
1271 1873 1478 1960 ipsius
1523 1883 1854 1940 enarrante
1883 1872 2081 1940 libro's
2126 1871 2381 1938 sacculo
2424 1892 2595 1936 nono
2640 1869 2709 1934 in
2738 1868 2961 1936 eodem
3004 1891 3153 1934 exa-

237 1989 400 2048 rstos
443 1981 620 2066 (cod.
668 1981 734 2052 S.
767 1980 940 2050 Galli
969 2007 1034 2048 11.
1067 1985 1224 2063 2673
1272 1984 1348 2052 cf.
1379 1982 1670 2070 Ratperti
1713 1981 1924 2050 Casus
1970 1980 2037 2050 S.
2086 1980 2259 2050 Galli
2306 2003 2405 2068 ap.
2452 1979 2663 2048 Pertz.
2710 1980 2767 2060 2,
2800 1977 2939 2060 91),
3004 1978 3155 2044 inde

237 2114 272 2156 a
293 2113 352 2178 p.
387 2093 502 2158 25:
579 2084 752 2158 ‘Hos
779 2092 978 2160 libros
1023 2101 1194 2179 patr
1207 2095 1376 2159 anit
1417 2092 1762 2180 grimoldus
1791 2095 1959 2161 abba
1982 2093 2051 2160 in
2084 2092 2467 2160 monasterio
2500 2090 2612 2156 sci.
2645 2088 2795 2175 galli
2824 2089 2895 2154 in
2923 2089 3151 2156 diebus

238 2200 606 2268 hludouuici
637 2204 810 2289 regis
841 2204 1160 2288 germanie
1203 2227 1346 2270 cum
1389 2203 1702 2270 adiutorio
1745 2203 2037 2270 hartmoti
2077 2201 2389 2288 prepositi
2432 2200 2551 2266 sni.
2608 2221 2723 2284 per
2764 2221 2967 2264 annos
3010 2217 3157 2263 xxx

242 2321 298 2376 et
337 2301 572 2378 unum'.
685 2311 1152 2380 Enumerantur
1195 2312 1499 2398 deinceps
1536 2313 1701 2392 libri,
1751 2337 1911 2398 quos
1953 2313 2145 2379 iussit
2186 2311 2381 2379 scribi
2418 2308 2785 2377 Grimoldus
2831 2309 3049 2390 abbas,
3097 2315 3161 2374 et

233 2421 390 2487 inter
429 2422 558 2488 lios
599 2445 666 2508 p.
715 2423 795 2488 27
813 2449 826 2486 ε
912 2416 1371 2490 ‘Grammatica
1409 2424 1714 2511 prisciani
1755 2425 1824 2488 in
1866 2421 1992 2488 uol.
2026 2414 2143 2486 I.'*
2227 2419 2451 2508 Pergit
2491 2420 2658 2486 idem
2702 2419 2909 2486 codex
2948 2441 3011 2505 p.
3046 2420 3155 2486 28:

226 2522 384 2600 ‘Hos
411 2554 568 2598 nero
605 2532 806 2600 libros
851 2534 1020 2600 idem
1049 2533 1398 2600 hartmotus
1437 2543 1586 2620 post
1611 2531 1985 2618 grimoldum
2018 2531 2184 2598 abba
2212 2530 2591 2597 constitutus
2622 2529 2743 2595 sub
2772 2528 3159 2596 hluduuuice

231 2643 590 2728 supradicto
619 2664 772 2730 rege
815 2653 880 2710 01
905 2644 1044 2712 filio
1075 2644 1214 2712 eius
1243 2644 1460 2710 karolo
1503 2644 1883 2730 imperatore
1924 2643 1993 2706 in
2024 2641 2250 2708 diebus
2292 2640 2619 2726 regiminis
2666 2639 2765 2704 sui
2806 2639 2959 2706 fecit
3000 2661 3154 2704 con-

231 2743 461 2818 scribi.²
552 2751 719 2820 Sunt
769 2753 838 2820 hi
891 2777 1079 2840 reges
1119 2753 1485 2820 Ludovicus
1527 2751 1949 2822 Germanicus
1998 2752 2397 2836 (840—876)
2454 2759 2517 2814 et
2560 2749 2835 2814 Carolus
2878 2746 3159 2814 Crassus

231 2861 583 2948 imperator
639 2861 1064 2948 (876-887).

393 2971 698 3038 Attamen
743 2983 1076 3040 servantur
1135 2972 1326 3040 hodie
1369 2974 1492 3040 duo
1537 2973 1792 3040 codices
1838 2971 2153 3040 Prisciani
2206 2973 2273 3036 111
2318 2971 2709 3038 bibliotheca
2767 2968 3155 3046 monasterii,

231 3081 293 3146 in
337 3079 673 3168 Gatalogis
715 3082 1019 3150 libroruin
1061 3083 1646 3170 manuscriptorum,
1694 3082 1792 3149 ed.
1839 3083 1920 3149 ab
1962 3079 2232 3150 Haenel.
2298 3081 2479 3167 Lips.
2530 3081 2709 3160 1830,
2757 3079 2823 3144 in
2866 3078 2985 3145 001.
3035 3079 3159 3142 716

229 3190 314 3256 ita
353 3191 694 3278 descripti:

387 3293 558 3366 ‘90:3.
635 3300 1066 3370 Grammatica
1137 3301 1476 3370 Prisciani.
1595 3299 1819 3368 Codex
1884 3301 2151 3368 eximius
2206 3301 2618 3386 ordinateque
2672 3299 2981 3386 scriptus,
3052 3297 3161 3384 qui

229 3411 554 3478 saeculum
617 3410 740 3495 lX.
801 3433 1102 3499 superare
1159 3412 1426 3480 videtur.
1503 3410 1663 3498 Pag.
1727 3415 1779 3476 1.
1846 3411 2055 3496 imago
2124 3411 2475 3478 sacerdotis
2542 3410 2801 3477 missam
2866 3407 3158 3494 legentis.

223 3517 498 3588 Membr.
542 3511 670 3586 fol?

385 3621 562 3698 ‘904
632 3628 1067 3698 Grammatica
1106 3630 1426 3698 Prisciani
1473 3632 1740 3700 scottice
1784 3633 2041 3720 scripta.
2156 3629 2381 3700 Codex
2434 3630 2703 3698 eximius
2748 3628 3163 3714 ordinateque

225 3743 540 3829 scriptus,
599 3741 710 3827 qui
765 3741 848 3806 ob
907 3751 1099 3808 notas
1145 3741 1586 3809 interlineares
1639 3751 1705 3808 et
1759 3739 2147 3827 marginales
2204 3740 2505 3806 idiomate
2568 3749 2634 3806 et
2686 3737 3161 3804 characteribus

225 3852 522 3918 scotticis
575 3852 646 3916 in
671 3849 936 3937 Europa
976 3851 1116 3920 sine
1147 3852 1338 3919 dubio
1383 3853 1632 3918 celebre
1659 3874 1892 3917 nomen
1921 3849 2251 3917 obtinebit.
2312 3848 2492 3918 Sacc.
2522 3847 2706 3930 VHI.
2749 3850 3006 3916 membr.
3034 3839 3159 3914 fol?

457 4010 624 4018 ’-α-

359 4104 386 4130 ⁸
449 4099 802 4154 immorantur
833 4096 892 4149 in
915 4096 1091 4150 eodem
1125 4095 1302 4150 codice
1333 4097 1392 4152 111
1425 4114 1477 4166 p.
1503 4103 1568 4150 22
1605 4099 1814 4164 (omisso
1847 4097 2055 4150 nomine
2088 4093 2361 4156 Prisciani)
2397 4096 2451 4146 et
2484 4093 2539 4144 in
2573 4096 2853 4148 vetustiore
2882 4092 3165 4151 ‘Brevin-io

224 4187 476 4240 librorum
509 4185 576 4238 de
610 4182 856 4236 coenobio
891 4183 980 4236 sci.
1017 4179 1166 4235 Galli'
1205 4183 1338 4244 (cod.
1361 4183 1412 4236 S.
1439 4181 1574 4238 Galli
1597 4201 1649 4237 n.
1674 4186 1812 4248 728),
1867 4198 1932 4235 ex
1966 4197 2069 4252 quo
2104 4180 2281 4234 hausit
2312 4179 2399 4232 ille
2434 4193 2495 4230 es
2530 4193 2663 4247 quae
2696 4183 3012 4248 praecedunt
3044 4189 3167 4238 ante

231 4271 388 4325 libros
427 4267 690 4325 Grimoldi
721 4269 778 4319 et
810 4267 1084 4328 Bai-tincti,
1121 4267 1180 4320 in
1211 4282 1264 4335 p.
1289 4273 1382 4320 20:
1441 4266 1606 4324 ‘Libri
1641 4269 1897 4322 Prisciani
1936 4269 2001 4320 de
2034 4270 2149 4319 octo
2184 4264 2421 4333 partibus
2463 4263 2610 4316 XVI.
2676 4265 2805 4319 Item
2840 4269 3069 4321 eiusdem
3102 4271 3167 4322 de

223 4357 624 4411 emunctione
667 4354 900 4422 partium
943 4354 1190 4406 orationis
1233 4353 1354 4406 libri
1397 4353 1461 4406 11.
1533 4355 1660 4406 Item
1705 4353 1770 4406 ad
1817 4353 2105 4405 simachum
2152 4352 2215 4403 de
2257 4349 2439 4419 figuris
2480 4365 2809 4403 numerorum
2856 4353 2987 4406 liber
3041 4355 3165 4408 haec

226 4443 398 4494 cm'nia
449 4441 514 4492 111
548 4439 648 4492 1101.
675 4437 732 4493 1.·
747 4477 761 4502 ,
819 4433 1088 4508 quaeritur
1131 4455 1258 4492 num
1301 4437 1436 4492 idem
1473 4439 1630 4492 codex
1643 4477 1656 4501 ‚
1711 4453 1778 4491 an
1813 4438 2069 4500 diversus,
2116 4436 2380 4489 vetustior.
2448 4434 2553 4488 Vix
2588 4437 2917 4504 cogitandum
2962 4439 3026 4490 de
3072 4439 3167 4493 hoc

223 4533 426 4592 nostro3
495 4541 618 4578 nam
651 4525 790 4578 inter
824 4525 998 4588 libros,
1035 4525 1126 4594 qui
1161 4524 1408 4576 dicuntur
1437 4521 1670 4578 'scottice
1704 4521 1897 4594 scripti’
1936 4523 1992 4576 in
2027 4520 2217 4574 codicis
2250 4519 2545 4572 vetustioris
2580 4521 2737 4574 huius
2758 4521 2969 4574 exordio
3002 4526 3071 4591 (p.
3098 4525 3165 4587 2),

225 4627 330 4664 non
362 4611 647 4665 invenitur
681 4610 998 4663 Priscianus.
1066 4609 1304 4662 Procedit
1337 4611 1394 4662 in
1431 4613 1576 4662 textu
1611 4609 1865 4662 Prisciani
1900 4609 2125 4660 scoticus
2159 4609 2335 4660 noster
2367 4619 2533 4674 usque
2564 4605 2631 4657 ad
2666 4605 2791 4658 haec
2826 4607 2982 4659 verbs
3016 4610 3051 4663 l.
3092 4614 3167 4672 17,

226 4711 266 4748 e.
292 4705 360 4751 ιθ
377 4719 394 4750 2
473 4695 610 4749 Nam
648 4697 920 4748 vocativus
963 4711 1170 4766 quoque
1210 4697 1538 4749 intransitive
1582 4695 1822 4747 secundis
1857 4693 2161 4760 adiungitur
2194 4690 2462 4743 verborum
2498 4691 2731 4758 personis
2774 4705 2893 4743 cum
2928 4694 3169 4761 proprius

227 4782 292 4834 sit
321 4781 694 4846 natm-alitsr'3
749 4796 872 4851 pars
907 4782 1226 4850 subsequens
1259 4779 1454 4832 codicis
1486 4781 1654 4849 periit.
1727 4778 1931 4832 Codicis
1966 4781 2083 4829 903.
2130 4777 2317 4830 ultima
2348 4777 2559 4830 rubrica
2590 4781 2697 4829 est:
2726 4773 2893 4830 ‘Artis
2916 4775 3167 4831 Prisciani

229 4867 322 4921 riri
354 4867 700 4922 disertissimi
739 4867 1078 4922 Grammatici
1112 4865 1456 4920 Caesariensis
1497 4865 1722 4918 doctoris
1757 4863 1903 4918 urbis
1938 4861 2131 4916 Romae
2166 4861 2769 4930 Constantinopolitanae
2802 4862 2888 4914 lib.
2920 4860 3043 4914 XV.
3079 4879 3189 4932 ex·,

229 4953 342 5018 piie.
377 4954 448 5006 de
483 4953 752 5006 adverbio.
823 4954 1016 5021 Incipit
1050 4952 1114 5004 de
1147 4952 1352 5020 coniug.
1389 4953 1478 5004 lib.
1508 4949 1664 5002 XVL·
1733 4949 1834 5002 Sed
1870 4947 2025 5000 etiam
2062 4951 2180 5015 post
2214 4947 2401 4999 librum
2440 4947 2577 5000 hunc
2611 4961 2733 5016 pars
2769 4947 2933 5015 perire
2980 4949 3165 5015 potuit.

229 5037 530 5094 seeundum
567 5039 798 5092 codicem
833 5055 886 5092 n.
916 5043 1048 5091 1280
1081 5041 1302 5090 testatur
1335 5037 1714 5090 Weidmannus
1759 5033 1914 5098 (Hist.
1949 5031 2084 5086 Bibl.
2120 5033 2173 5085 S.
2210 5031 2361 5094 Galli,
2396 5047 2451 5100 p.
2473 5035 2593 5096 429,
2628 5035 2734 5085 not.
2771 5037 2919 5096 617),
2965 5037 3085 5086 ante
3122 5049 3171 5086 a.

237 5129 358 5178 1712
404 5123 743 5178 Priscianum
792 5124 850 5176 iii
889 5123 1200 5176 bibliotheca
1233 5121 1285 5176 S.
1317 5122 1452 5176 Galli
1487 5121 1714 5174 adfuisse
1747 5119 1832 5172 bis
1866 5118 1925 5171 iii
1968 5118 2113 5181 folio,
2157 5121 2211 5169 01
2258 5117 2341 5170 bis
2374 5117 2431 5170 in
2468 5123 2668 5188 quarto.
2738 5117 2949 5172 Maioris
2980 5118 3173 5172 formae

233 5207 342 5266 liis-i
377 5210 439 5266 lii
475 5209 590 5264 duo
633 5207 828 5264 diversi
861 5222 971 5264 non
1001 5207 1198 5263 fuerint
1229 5206 1298 5260 ab
1329 5207 1396 5260 iis
1427 5220 1563 5277 quis
1595 5208 1652 5259 ot
1677 5201 1838 5260 hodie
1861 5203 2054 5260 ibidem
2088 5203 2299 5259 adsunt.
