3717 5642
801 375 1164 425 APPBNDIX.
1251 374 1583 425 sracmmz
1628 347 1897 427 comem
1938 378 2288 427 manarum
2332 378 2437 427 cn.
2518 362 2693 422 (10⁷2.
2725 364 2879 428 10⁷3)
2948 363 3109 429 1049

347 543 512 631 Gap.
549 543 662 609 VI.
748 543 852 611 De
897 548 1027 613 vari
1035 570 1076 612 a
1115 543 1452 613 altitudine
1495 546 1676 613 caeli.
1761 548 1911 613 Non
1953 556 2163 614 autem
2206 547 2297 614 ita
2336 546 2611 615 mundus
2656 548 2779 616 hoc
2809 548 2958 633 polo
3004 570 3113 614 ex-

163 646 449 713 celsiore
495 667 568 711 se
597 648 848 731 attollit,
894 657 964 713 ut
993 648 1277 735 undique
1307 658 1654 715 cernantur
1693 648 1854 715 haec
1884 650 2114 717 sidera.
2190 648 2428 715 Verum
2458 648 2678 714 eadem
2709 650 3102 737 quibusque⁴

163 748 490 834 proximis
521 748 890 815 sublimiora
919 748 1277 831 creduntur,
1327 750 1672 835 eademque
1703 751 2029 817 demersa⁵
2078 749 2479 837 longinquis3
2531 760 2721 838 utque
2762 774 2935 817 nunc
2964 753 3114 819 sub-

161 850 346 915 limis
409 852 480 915 in
537 848 823 915 deiectu⁶
885 850 1150 937 positis⁷
1219 849 1470 916 videtur
1521 850 1630 919 hic
1683 860 1937 932 vertex,
2004 851 2101 919 sic
2156 852 2223 917 in
2276 852 2389 919 illa
2440 862 2647 919 terrae
2702 854 3102 919 devexitate⁸

161 950 633 1037 transgressis⁹
684 950 798 1017 illa
841 974 912 1017 se
955 951 1268 1033 attollunt,
1313 952 1747 1021 residentibus
1792 976 1957 1040 quae
1999 952 2107 1019 hic
2138 955 2395 1021 excelsa
2438 954 2707 1038 fuerant„
2751 962 3115 1041 opponente

163 1076 242 1119 se
289 1061 516 1119 contra
556 1052 800 1119 medios
845 1052 1024 1120 visus
1068 1052 1259 1138 globo
1303 1062 1610 1119 terrarum
1652 1054 1867 1137 adeo,1
1885 1059 1912 1097 ⁰
1962 1064 2033 1121 ut
2075 1056 2573 1142 septentriones,
2638 1076 2799 1142 quae
2840 1055 3030 1121 nobis
3075 1077 3116 1121 a

163 1154 420 1219 vertice
461 1154 774 1240 pendent,
825 1152 895 1219 in
939 1152 1320 1240 quibusdam
1359 1152 1586 1222 Indiae
1627 1154 1790 1221 locis
1835 1154 2201 1241 quindecim
2242 1164 2487 1225 tantum
2540 1156 2611 1223 in
2664 1178 2832 1224 anno
2876 1156 3103 1223 diebus

163 1260 580 1341 appareant.¹
602 1258 627 1298 ²
3034 1330 3039 1335 ⁸

350 1355 510 1443 Cap.
541 1354 694 1422 VII.
777 1355 881 1423 De
926 1355 1104 1423 caelo
1149 1356 1496 1443 superiore.
1585 1355 1852 1425 Caelum
1896 1359 2243 1445 superioris
2302 1358 2522 1425 circuli
2566 1358 2824 1446 proprio
2868 1358 3113 1425 discre-

165 1471 312 1523 tum
358 1458 628 1525 termino
675 1468 742 1523 et
783 1457 1157 1543 aequalibus
1201 1457 1482 1544 undique
1525 1459 1752 1545 spatiis
1801 1459 2183 1526 collocatum
2227 1459 2493 1528 virtutes
2538 1461 2827 1528 continet
2866 1459 3118 1545 angeli·-

166 1582 312 1641 cas,
361 1582 524 1645 quae
567 1559 651 1626 ad
693 1582 814 1625 nos
859 1568 1166 1627 exeuntes
1209 1560 1504 1628 aetherea
1547 1561 1674 1627 sibi
1717 1584 1988 1647 corpora
2030 1570 2305 1643 sumunt,
2344 1570 2416 1627 ut
2458 1562 2712 1650 possint
2751 1561 3115 1628 hominibus

168 1662 374 1727 etiam
415 1662 482 1727 in
515 1660 760 1743 edendo
791 1660 1078 1743 similari,
1125 1661 1476 1749 eademque
1519 1663 1613 1730 ibi
1653 1686 1954 1729 reversae
1985 1662 2363 1749 deponunt.¹
2386 1666 2411 1705 ⁹
2480 1662 2662 1730 Hoc¹
2680 1666 2703 1705 ³
2742 1664 2901 1729 deus
2932 1662 3117 1749 aquis

166 1762 562 1848 glacialibus
604 1762 996 1850 temperavit,
1041 1785 1126 1827 ne
1169 1762 1472 1829 inferiora
1516 1764 1935 1831 succenderet
1977 1764 2307 1830 elementa.
2382 1762 2635 1831 Dehinc
2664 1765 2929 1833 inferius
2972 1786 3117 1833 cae-

166 1865 311 1929 lum
351 1886 488 1931 non
529 1864 862 1945 uniformi,
919 1863 1036 1929 sed
1077 1864 1413 1951 multiplici
1453 1874 1632 1931 motu
1675 1865 2033 1949 solidavit,¹
2051 1871 2078 1908 ⁴
2129 1888 2510 1955 nuncupans
2550 1867 2712 1933 illud
2752 1867 3114 1933 firmamen-

173 1979 316 2031 tum
363 1975 626 2053 propter
667 1966 1199 2032 sustentationem
1243 1968 1639 2053 superiorum
1683 1990 2005 2054 aquarum.

351 2066 514 2156 Cap.
555 2068 712 2135 XII.
795 2066 901 2134 De
943 2090 1138 2135 cursu
1180 2068 1594 2156 planetarum.
1679 2069 1858 2137 Inter
1914 2070 2157 2137 caelum
2217 2079 2547 2159 terrasque
2604 2079 2849 2157 septem
2905 2069 3120 2137 sidera

169 2170 500 2257 pendent,
557 2172 748 2237 certis
805 2170 1082 2237 discreta
1125 2172 1424 2258 spatiis‚²
1487 2194 1651 2257 quae
1707 2186 2017 2239 vocantur
2076 2172 2381 2254 errantia,
2437 2172 2825 2261 contrarium
2878 2172 3115 2239 mundo

171 2272 442 2358 agentia
485 2294 764 2351 cursum,
809 2271 878 2338 id
923 2280 1052 2352 est,
1095 2272 1373 2354 laevum,
1418 2272 1528 2339 illo
1573 2296 1827 2360 semper
1876 2274 1947 2339 in
1991 2275 2213 2339 dextra
2256 2274 2610 2363 praecipiti.
2696 2272 2785 2339 Et
2828 2276 3119 2361 quamvis

173 2374 449 2440 assidua
490 2374 912 2439 conversione
953 2374 1300 2441 immensae
1345 2375 1690 2441 celeritatis
1737 2374 2103 2441 attollantur
2145 2377 2224 2441 ab
2270 2398 2344 2443 eo
2386 2376 2839 2463 rapianturque
2898 2376 2969 2441 in
3010 2398 3120 2443 oc-

169 2498 391 2558 casus,
437 2476 706 2543 adverso
749 2484 962 2541 tamen
1005 2476 1098 2541 ire
1139 2485 1314 2542 motu
1355 2498 1472 2563 per
1515 2498 1667 2543 suos
1714 2497 2005 2564 quaeque
2050 2500 2283 2564 passus
2328 2479 2760 2559 advertuntur,
2806 2500 2978 2545 nunc
3016 2478 3119 2543 in-

167 2576 407 2659 ferius,
474 2598 646 2643 nunc
700 2576 994 2665 superius
1051 2587 1310 2665 propter
1364 2577 1804 2665 obliquitatem
1864 2578 2150 2665 signiferi
2206 2580 2521 2667 vagantia.
2624 2580 2845 2647 Radiis
2902 2588 3117 2646 autem

171 2678 338 2745 solis
385 2679 776 2765 praepedita„
821 2680 1116 2746 anomala
1159 2679 1265 2746 vel
1305 2678 1674 2765 retrograda
1714 2680 1820 2745 vel
1866 2680 2273 2747 stationaria²
2323 2683 2501 2748 fiunt.

225 2828 236 2837 .
347 2777 456 2845 De
495 2788 850 2867 temporum
889 2781 1156 2851 ratione.
1243 2780 1302 2847 E
1349 2782 1560 2869 capite
1601 2780 1750 2849 XV.
1840 2780 1940 2847 De
1984 2782 2173 2849 lunae
2216 2806 2407 2851 cursu
2462 2807 2578 2871 per
2620 2784 2829 2870 signa.
2915 2781 3109 2865 Quod

173 2882 238 2948 si
285 2876 436 2968 quis
477 2883 802 2969 signorum
844 2884 1106 2949 nescius
1147 2881 1406 2949 lunares
1449 2892 1662 2949 tamen
1695 2905 1921 2951 cursus
1967 2886 2358 2969 agnoscendi
2402 2886 2675 2974 cupidus
2706 2893 2822 2966 est,
2869 2885 3121 2950 noverit

173 2994 244 3049 et
287 2984 434 3069 ipse
477 2985 678 3051 solem
723 2984 1006 3071 quotidie
1051 2990 1321 3071 partem¹
1379 3008 1572 3051 unam
1615 2985 1865 3053 zodiaci
1926 2986 2025 3053 sui
2072 2988 2391 3074 complere
2448 2988 2687 3072 (neque
2732 2986 2899 3053 enim
2944 2985 3119 3051 aliud

170 3095 400 3171 partes
447 3084 730 3168 zodiaci,
793 3107 984 3171 quam
1027 3086 1436 3173 quotidianos
1483 3086 1638 3153 solis
1691 3088 1757 3152 in
1799 3086 1979 3153 caelo
2036 3088 2343 3155 debemus
2384 3088 2624 3155 sentire
2676 3086 3117 3174 progressus),

167 3188 402 3253 lunam
461 3210 612 3256 vero
667 3187 952 3272 quotidie
991 3188 1160 3255 XIII
1221 3197 1434 3275 partes
1493 3189 1777 3255 eiusdem
1833 3190 2083 3255 zodiaci
2140 3191 2486 3271 conficere,
2544 3190 2613 3255 id
2656 3198 2785 3271 est,
2841 3198 3119 3275 punctos

172 3298 480 3376 quattuor
525 3298 590 3354 et
629 3311 826 3374 unam·
863 3300 1128 3375 partem.
1215 3289 1306 3357 Et
1347 3290 1500 3375 quia
1539 3290 1654 3355 illa
1693 3290 1871 3357 XIII
1914 3302 2129 3377 partes
2174 3293 2531 3379 complente
2576 3290 2673 3359 sol
2716 3312 2907 3357 unam
2949 3311 3121 3357 com·

169 3392 334 3478 plet‚
379 3391 534 3457 inde
576 3390 732 3473 fieri,
781 3401 850 3455 ut
878 3413 1010 3457 non
1037 3392 1182 3478 plus
1229 3391 1600 3479 quotidiano
1645 3414 1993 3479 progressu
2036 3416 2075 3459 a
2118 3393 2273 3475 sole,
2320 3416 2507 3480 quam
2552 3393 2878 3481 quaternis
2922 3415 3124 3480 punc-

167 3494 264 3559 tis
281 3541 300 3571 ‚
353 3492 478 3559 hoc
535 3501 664 3572 est,
721 3492 1038 3559 duodenis
1082 3494 1372 3579 partibus
1433 3495 1782 3580 elongetur.
1881 3493 2127 3561 Ponat⁹
2179 3516 2330 3579 ergo
2376 3494 2587 3559 lunam
2634 3494 2905 3561 ubilibet
2948 3517 3121 3561 com-

173 3603 410 3680 putare
455 3592 746 3675 voluerit,
793 3602 1016 3682 utpote
1057 3595 1126 3659 in
1157 3593 1295 3663 Cal.
1328 3594 1662 3661 Ianuarias
1707 3595 2005 3680 primam3
2053 3595 2213 3661 haec
2256 3596 2365 3663 ubi
2407 3596 2612 3682 prima
2638 3606 2891 3662 noctem
2923 3596 3123 3664 diem-

171 3718 308 3782 que
353 3696 764 3781 transegerit,
819 3697 998 3761 illum
1042 3697 1206 3763 caeli
1247 3696 1461 3764 locum
1503 3707 1714 3777 tenet,
1769 3719 1955 3782 quem
2012 3696 2115 3762 sol
2154 3696 2329 3763 XIII
2383 3696 2627 3763 mensis
2674 3697 2959 3763 eiusdem
3018 3699 3123 3764 die

167 3795 522 3881 completo.
613 3798 744 3865 Ubi
789 3799 1104 3865 secunda³
1142 3808 1262 3881 est,
1309 3798 1660 3885 multiplica
1706 3798 1832 3864 duo
1878 3820 1993 3884 per
2026 3806 2343 3884 quattuor,
2390 3798 2553 3864 fiunt
2595 3812 2760 3866 octo.
2848 3800 3011 3865 Item
3056 3810 3125 3865 ut

171 3901 263 3965 de
306 3900 564 3985 punctis
611 3901 692 3965 ad
736 3910 950 3988 partes
993 3901 1365 3986 pervenias,
1411 3899 1768 3986 multiplica
1809 3898 1976 3963 VIII
2018 3922 2135 3986 per
2177 3898 2303 3981 111,
2347 3899 2509 3965 fiunt
2551 3900 2845 3967 XXIIII.
2935 3902 3123 3967 Illam

171 4024 338 4086 ergo
381 4000 546 4067 caeli
590 4012 836 4086 partem
878 4010 1054 4067 tenet
1105 4001 1256 4065 luna
1299 4000 1584 4067 secunda
1625 4001 1693 4065 in
1737 4009 1995 4087 quartas
2039 4000 2263 4066 Nonas
2308 3999 2668 4083 Ianuarias,
2730 4025 2919 4088 quam
2978 4002 3109 4068 sol⁴

171 4100 458 4167 XXIIII
509 4100 744 4169 abhinc
799 4102 904 4167 die
959 4102 1270 4169 confecto.
1368 4102 1498 4169 Ubi
1557 4103 1746 4169 tertia
1787 4106 1958 4183 est‚·'’
2010 4102 2367 4189 multiplica
2408 4101 2513 4167 III
2568 4126 2684 4188 per
2724 4104 2897 4183 IIII,
2962 4105 3125 4168 fiunt

317 4394 354 4442 4
387 4389 508 4441 dam
578 4396 608 4444 5
644 4389 732 4443 isli
799 4394 830 4443 6
865 4389 1045 4443 im'siul
1112 4396 1140 4441 7
1196 4392 1232 4447 i.
1268 4390 1546 4443 bominibus
1621 4396 1649 4442 8
1688 4388 1915 4443 niudis&
1984 4394 2015 4441 9
2052 4391 2571 4461 tarsatltarmckiayat
2642 4396 2707 4443 10
2741 4391 2839 4444 hisi
2861 4391 2963 4444 me't
2984 4393 3121 4445 «εαὶ-

169 4458 354 4529 diyche
384 4458 560 4527 qlobus
598 4467 768 4512 mae
873 4466 932 4513 11
982 4460 1228 4512 thamiaid
1259 4458 1336 4511 ἐπι
1370 4459 1641 4512 cotaucbat
1673 4458 1790 4511 doit>
1823 4458 2156 4512 residentibus
2196 4461 2247 4515 ,ιζ
2280 4460 2529 4514 sideribus
2568 4460 2619 4514 ,ιζ
2655 4460 2963 4513 andusleicet
2998 4462 3123 4513 ima

167 4528 306 4583 rind
341 4526 399 4580 .i.
434 4526 538 4579 illis
577 4529 627 4582 ,ιζ
663 4526 753 4579 isli
785 4526 1010 4581 doibsom
1049 4527 1301 4597 infeclztsa
1335 4528 1511 4581 innalu'
1544 4536 1738 4599 ruptar
1771 4526 1949 4581 ardda
1985 4528 2182 4581 daunai

321 4601 382 4650 12
421 4596 473 4650 ,ιζ
495 4595 718 4665 sociabat
789 4600 850 4650 13
889 4598 939 4651 .i.
979 4598 1174 4652 caeltom
1249 4604 1308 4649 14
1346 4599 1420 4661 (in
1455 4604 1634 4665 marg.)
1669 4596 1744 4649 ιἐἐ
1777 4596 2046 4667 multiplex
2078 4604 2241 4651 motus
2281 4597 2473 4651 ino-ium
2507 4604 2647 4651 retae
2682 4598 2807 4650 iana
2830 4596 3119 4651 ahadreth-

169 4667 278 4721 cha
313 4666 371 4717 in
405 4666 727 4718 contrarium
761 4672 946 4719 contra
979 4664 1035 4718 sd
1069 4672 1098 4719 7
1137 4666 1342 4719 αυτ-ἰωὴ
1375 4666 1578 4719 aie-neta
1599 4664 1805 4735 fedesin

312 4737 450 4798 (18⁶)
529 4742 548 4786 1
597 4734 674 4797 (in
710 4750 822 4787 mar
862 4738 895 4800 .)
939 4734 1044 4788 kite'
1083 4736 1260 4815 spatia
1301 4751 1485 4789 nav-ree
1513 4735 1586 4801 fil
1625 4733 1661 4787 α’
1697 4741 1842 4787 ema
1876 4750 2031 4805 usque
2064 4733 2139 4787 ad
2173 4732 2303 4790 XII.
2338 4736 2491 4805 siyna
2523 4733 2625 4787 kite'
2659 4736 2788 4791 som’.
2824 4736 2945 4788 toni.
2986 4750 3117 4787 com—

169 4808 306 4859 lana
338 4804 406 4856 τι.
443 4801 550 4857 1ιίεό
580 4802 808 4856 interval
825 4820 862 4857 α
894 4804 976 4856 im
1017 4802 1321 4871 (inferentiae
1356 4810 1384 4850 7
1419 4804 1642 4873 vrit-faya&
1675 4802 1851 4855 saidai
1883 4802 2000 4856 sech
2033 4805 2236 4856 gataira
2266 4820 2389 4858 suas
2422 4812 2478 4857 ut
2508 4804 2707 4874 plinius
2744 4804 2875 4857 dicit
2907 4803 2974 4855 rl.
3016 4803 3120 4873 pli-

167 4876 262 4927 m'o
300 4880 450 4925 tonus
485 4879 560 4925 eet
590 4872 818 4953 epafum
853 4889 965 4924 cum
1003 4871 1227 4943 legitima
1260 4874 1544 4942 quantitate
1579 4874 1730 4925 certis
1765 4888 1796 4923 s>
1829 4872 1949 4925 atius
1988 4874 2037 4927 ,ιζ
2076 4880 2223 4925 tonus
2260 4874 2391 4927 inter
2426 4882 2619 4928 terram
2657 4880 2685 4925 7
2726 4874 2901 4927 lunam
2932 4872 2999 4924 νζ.
3027 4871 3121 4925 ahd-

167 4960 268 4997 cen
317 4940 562 4995 corrobae
606 4940 746 4994 mdib
790 4957 880 4994 sex
925 4941 1202 4993 imernalla
1253 4940 1403 4997 .VII.
1435 4941 1611 5022 spatia
1650 4947 1677 4993 7
1717 4981 1728 4993 .
1747 4889 1865 4994 VII.
1902 4942 2011 4993 tom‘
2045 4942 2109 4995 rl.
2150 4942 2195 4995 le
2227 4958 2253 4994 e
2328 4943 2417 4996 lin.
2452 4942 2767 4996 stationaria
2802 4944 2859 4995 in
2892 4942 3121 5010 superio-

167 5012 321 5067 ribus
373 5012 423 5066 ,ιζ
467 5010 633 5063 isnac‘b
677 5010 890 5063 rmdaib
918 5010 1036 5078 fail
1077 5010 1206 5062 latias
1247 5008 1396 5079 yre'in
1439 5030 1498 5065 ,·ι,
1527 5024 1667 5063 mars
1706 5010 1834 5062 ἰοιιιζς
1870 5017 2113 5063 satiamus
2148 5028 2179 5063 r
2204 5052 2215 5065 .
2252 4962 2341 5063 lg]
2374 5012 2587 5065 tricetro
2622 5012 2658 5068 1.
2694 5012 2750 5065 in
2786 5012 2940 5065 certia
2970 5017 3131 5081 parte

165 5080 378 5151 siynffe.
411 5080 468 5131 in
500 5078 758 5151 quadrato
795 5079 828 5133 l.
863 5080 920 5132 ia
1019 5086 1142 5132 arta
1173 5096 1294 5149 par.
1331 5081 1390 5132 in
1423 5080 1640 5133 aduerso
1673 5080 1744 5134 rl.
1813 5086 1842 5131 ‘2
1884 5080 1935 5135 ,ιζ
1970 5096 2093 5132 suas
2129 5079 2258 5133 each
2294 5080 2497 5133 diriuch

317 5152 454 5215 (31⁶)
528 5156 553 5203 1
589 5148 644 5205 ,ιζ
679 5146 829 5203 hvide
864 5097 1033 5203 Ζαὲἅυε
1069 5148 1180 5202 boos
1253 5153 1283 5201 2
1321 5148 1437 5219 cipe
1504 5153 1536 5202 3
1574 5148 1626 5205 ,ιζ
1661 5147 1860 5203 indaile
1927 5153 1963 5202 4
1999 5148 2047 5203 ,ιζ
2086 5149 2193 5202 cuit
2224 5150 2351 5203 ima
2387 5150 2503 5204 aine
2538 5154 2567 5204 7
2604 5149 2731 5203 ima
2765 5150 2868 5205 ailo
2936 5148 3121 5203 blm
