3717 5642
497 376 770 444 XXXII
811 377 1050 446 (XLVII.
1073 380 1316 447 XLVIII)
1601 399 1975 448 rasum-no
2016 401 2371 451 Anci-oms.

500 562 857 649 chartaceo,
904 567 1014 653 qui
1055 568 1356 634 inventus
1405 577 1505 634 est
1547 591 1586 634 a
1611 567 1905 637 Marzino
1948 571 2199 636 notario
2244 571 2536 658 episcopi
2564 569 3055 656 Quimperensis
3096 570 3163 634 in
3194 569 3422 636 itinere

501 676 806 759 pastorali
850 686 916 742 et
957 677 1227 744 donatus
1271 680 1350 744 ab
1397 702 1472 745 eo
1517 679 1762 746 editori.

667 785 928 852 Editum
971 798 1074 853 est
1115 789 1236 854 hoc
1279 799 1506 877 poema
1547 791 1667 856 sub
1707 791 1923 856 titulo:
2012 782 2249 856 ‘Buhez
2293 803 2495 854 santes
2538 789 2752 871 Noun,
2796 811 2879 855 ou
2918 788 3045 854 Vie
3086 790 3167 855 de
3212 791 3425 856 sainte

499 894 730 961 Nonne
795 906 860 964 et
912 899 992 964 de
1037 920 1155 964 son
1195 899 1299 966 fils
1355 900 1523 966 saint
1564 898 1756 986 Devy
1816 900 2106 985 (David).
2194 898 2485 985 Mystere
2532 901 2835 985 compose
2880 923 2961 966 en
3002 900 3236 986 langue
3280 902 3425 966 bre-

499 1013 694 1071 tonne
737 1008 1268 1076 anterieurement
1311 1033 1391 1076 au
1439 1013 1536 1076 12.
1583 1010 1815 1093 siecle,
1861 1010 2080 1096 public
2124 1009 2375 1095 d’apres
2418 1034 2505 1075 un
2548 1011 2901 1076 manuscrit
2942 1011 3207 1097 unique,
3264 1033 3427 1078 avec

503 1137 626 1179 une
679 1115 1106 1184 introduction
1161 1143 1278 1206 par
1329 1119 1536 1186 l²abbe
1591 1119 1952 1202 Sionnet,
2008 1129 2075 1185 et
2126 1122 2555 1206 accompagne
2612 1120 2801 1186 d’une
2844 1121 3204 1188 traduction
3256 1123 3425 1186 litte·

497 1225 630 1290 rale
675 1226 754 1294 de
794 1227 884 1293 M.
930 1228 1138 1314 Lego
1157 1230 1392 1296 nidec
1435 1239 1499 1295 et
1538 1231 1692 1295 d'un
1731 1229 2075 1297 fac-simile
2120 1230 2205 1296 du
2244 1230 2615 1298 manuscrit.
2682 1229 2867 1298 Paris
2916 1222 3120 1296 1837'.
3209 1231 3424 1318 Signi·

499 1335 724 1401 ficatur
766 1358 805 1401 a
845 1361 950 1406 me
994 1339 1152 1406 haec
1195 1339 1389 1406 editio
1429 1339 1660 1406 litteris
1701 1339 1867 1406 Buh.

672 1445 975 1514 Codicem
1034 1450 1241 1516 editor
1285 1449 1587 1537 scriptum
1633 1450 1959 1517 serissime
2012 1451 2272 1518 ineunte
2317 1451 2573 1518 saeculo
2618 1451 2841 1537 quinto
2884 1451 3129 1518 decimo
3184 1451 3419 1540 (praef.

503 1555 858 1644 XXVIII),
906 1561 1094 1647 eique
1141 1561 1412 1627 subesse
1454 1560 1983 1644 compositionem
2024 1562 2225 1628 multo
2266 1561 2711 1643 vetustiorem,
2756 1561 3079 1627 saeculum
3122 1559 3427 1628 duodeci·-

500 1689 668 1732 mum
713 1678 1140 1755 superantem,
1185 1670 1432 1736 asserit.
1521 1669 1840 1756 Equidem
1886 1673 1965 1738 ob
1996 1672 2301 1755 linguam,
2350 1692 2515 1756 quae
2558 1670 2841 1737 habitum
2882 1671 3079 1738 multo
3106 1671 3423 1736 recentio-

501 1798 638 1841 rem
681 1801 834 1863 prae
881 1801 952 1844 se
993 1779 1116 1844 fert
1130 1785 1159 1860 ,¹
1197 1779 1352 1846 huic
1393 1803 1521 1846 non
1567 1783 1848 1848 assentio
1866 1833 1885 1866 ,
1943 1793 2009 1849 et
2048 1783 2261 1848 malim
2315 1781 2629 1848 assentire
2686 1781 2746 1848 ei
2802 1779 2911 1867 qui
2963 1789 3091 1846 tam
3134 1778 3429 1848 codicem

503 1907 688 1972 quam
735 1890 1280 1977 compositionem,
1327 1900 1396 1956 ut
1433 1913 1608 1956 nnnc
1649 1891 1853 1975 adest,
1902 1915 2047 1959 esse
2092 1892 2335 1958 saeculi
2378 1891 2586 1978 quarti
2631 1891 2858 1958 decimi
2902 1891 3186 1957 affirmet.

665 1998 852 2066 Haec
896 2001 975 2067 de
1019 2001 1349 2068 codicibus
1393 2003 1558 2090 ipsis
1603 2003 1708 2068 vel
1747 2002 2029 2070 fontibus
2073 2002 2263 2068 huius
2308 2001 2553 2088 operis3
2597 2002 2666 2067 in
2710 2000 3089 2068 adhibendis
3132 1999 3240 2066 vel
3278 1993 3427 2065 red-

500 2108 727 2174 dendis
773 2111 868 2176 eis
910 2111 1028 2178 has
1069 2112 1474 2199 potissimum
1513 2113 1772 2199 regulas
1817 2123 2075 2180 secutus
2120 2136 2279 2180 sum.
2362 2111 2443 2176 In
2486 2111 2829 2178 afferendis
2872 2109 3141 2177 vocibus
3206 2119 3273 2174 et
3315 2131 3427 2175 ex-

501 2219 727 2304 emplis
773 2242 808 2286 e
853 2221 1182 2288 codicibus
1227 2241 1360 2287 non
1401 2224 1644 2290 recessi
1687 2224 1766 2289 ab
1814 2246 2031 2290 eorum
2077 2223 2479 2303 auctoritate,
2526 2230 2591 2288 et
2628 2220 2881 2286 reddidi
2898 2267 2918 2301 ,
2976 2219 3145 2286 sicut
3184 2219 3425 2302 inveni,

501 2351 556 2394 e.
589 2352 681 2414 gr.
726 2341 1058 2396 accentum
1101 2341 1352 2398 acutum
1401 2333 1869 2420 significantem
1909 2334 2199 2400 vocalem
2240 2333 2615 2421 productam
2654 2331 2723 2396 in
2764 2330 3099 2396 codicibus
3140 2329 3426 2396 hiberni-

501 2439 618 2522 cis,
661 2441 996 2508 articulum
1023 2444 1130 2508 vel
1156 2445 1503 2529 particulas
1532 2445 1783 2511 iunctas
1825 2444 1973 2512 aliis
2004 2444 2311 2512 orationis
2350 2443 2640 2529 partibus
2683 2441 2752 2506 in
2781 2439 3113 2506 codicibus
3140 2439 3427 2506 hiberni-

502 2549 596 2615 cis
659 2559 724 2616 et
766 2553 1120 2618 cambricis.
1207 2555 1674 2621 Auctoritatem
1719 2555 2015 2622 codicum
2060 2556 2253 2621 etiam
2304 2576 2461 2639 prae
2508 2574 2581 2620 se
2624 2552 2836 2618 ferunt
2876 2571 3073 2616 voces
3129 2549 3235 2616 vel
3278 2571 3428 2616 sen-

501 2660 740 2728 tentiae
783 2663 1018 2730 latinae
1034 2713 1051 2744 ,
1111 2665 1342 2750 quibus
1399 2667 1701 2752 praemisi
1747 2665 2001 2752 signum
2045 2665 2127 2751 gl.
2142 2715 2159 2747 ,
2206 2664 2377 2752 quod
2420 2665 2479 2730 si
2522 2663 2733 2744 deest,
2789 2683 2918 2728 vox
2958 2660 3066 2727 vel
3109 2661 3431 2726 sententia

499 2769 738 2836 lunulis
781 2773 1032 2840 inclusa
1077 2797 1209 2840 non
1251 2776 1320 2840 in
1359 2777 1586 2842 codice
1629 2777 1774 2862 ipso
1819 2777 2035 2844 oblata
2076 2785 2141 2842 et
2182 2777 2469 2860 glossata
2512 2782 2629 2856 est,
2676 2771 2791 2838 sed
2832 2793 2981 2837 mea
3004 2770 3257 2836 versio.

669 2881 730 2946 N
733 2903 810 2948 ec
850 2885 1091 2950 recessi
1133 2885 1322 2951 facile
1369 2908 1408 2950 a
1451 2886 1638 2954 solito
1684 2887 1899 2974 aliquo
1945 2887 2312 2974 scriptionis
2358 2883 2647 2950 codicum
2689 2881 2795 2946 vel
2838 2880 3188 2947 editionum
3230 2901 3429 2962 more,

497 2993 789 3077 quamvis
835 2994 922 3060 sit
963 2994 1277 3060 interdum
1321 3007 1542 3062 contra
1583 2997 2028 3083 grammatices
2074 2997 2453 3083 analogiam,
2498 3017 2553 3060 e.
2584 3015 2678 3079 gr.
2724 2991 3149 3078 separationis
3193 3011 3431 3075 prono·-

497 3102 732 3168 minum
774 3104 1115 3170 infixorum
1174 3128 1316 3172 cum
1359 3107 1694 3194 particulis
1756 3107 2289 3192 praecedentibus
2343 3129 2384 3171 a
2425 3105 2641 3171 verbis
2690 3104 2797 3170 vel
2851 3100 3269 3169 substantivis
3324 3121 3433 3166 se-

1851 3217 1865 3230 ·
1913 3216 1926 3230 ⁸
1970 3217 1993 3230 ἢ
2040 3216 2052 3230 0

503 3320 722 3387 dentia
763 3346 989 3409 purum
1031 3327 1490 3411 grammatices·
1517 3349 1701 3394 usum
1749 3327 1933 3414 sequi
1974 3327 2172 3409 nolui,
2220 3334 2293 3391 ut
2322 3323 2817 3392 disiunctionem
2856 3323 3197 3389 formarum
3239 3343 3431 3406 prae·

497 3431 888 3517 positionum
943 3457 1088 3500 cum
1141 3437 1626 3522 pronominibus
1684 3437 2184 3504 coalescentium
2254 3438 2359 3503 vel
2412 3435 2763 3503 verbalium
2826 3433 3169 3500 formarum
3232 3453 3433 3496 unam
3556 3447 3565 3458 ·

496 3563 720 3608 vocem
765 3546 1314 3630 constituentium,
1369 3569 1534 3634 quae
1576 3548 1854 3613 occurrit
1908 3547 1977 3612 in
2018 3547 2301 3614 editione
2336 3545 2645 3612 carminis
2688 3543 2927 3611 cornici
2986 3541 3066 3609 de
3107 3540 3431 3607 Passione

502 3672 558 3718 e.
589 3675 682 3738 gr.
723 3654 794 3718 in
835 3677 972 3720 war
1012 3657 1206 3739 necho,
1247 3679 1292 3743 y
1333 3658 1447 3738 the,
1485 3678 1530 3742 y
1572 3658 1692 3737 tho,
1729 3680 1774 3743 y
1815 3657 1970 3722 these
2011 3679 2126 3743 pro
2168 3657 2496 3737 warnethO,
2536 3655 2695 3740 ythe,
2732 3653 2893 3738 ytho,
2933 3653 3153 3738 γέλασε.
3238 3649 3433 3732 Quae

503 3761 848 3830 disiunctio
889 3766 1050 3831 mira
1091 3767 1283 3832 etiam
1323 3768 1392 3832 in
1435 3767 1770 3834 cambricis
1814 3767 2203 3834 editionibus
2246 3766 2560 3832 interdum
2601 3764 2861 3850 legitur,
2920 3772 2989 3828 ut
3028 3763 3099 3827 in
3138 3760 3317 3826 Mab.
3368 3763 3431 3844 1,

507 3872 600 3938 19.
633 3873 783 3938 249:
829 3897 863 3939 o
904 3876 1128 3959 ltonafi,
1171 3899 1208 3941 ο
1247 3877 1496 3961 honam,
1544 3897 1579 3940 o
1621 3877 1825 3959 honac,
1872 3889 1939 3943 et
1978 3877 2049 3943 in
2091 3877 2273 3943 libris
2288 3877 2577 3963 *linguae
2620 3873 3009 3940 aremoricae
3050 3870 3422 3955 hodiernae,

501 3991 572 4046 ut
610 4005 991 4069 war-n-oun,
1035 3988 1478 4071 war-n-ezhan,
1525 4009 1640 4073 pro
1669 4009 1989 4069 warmun,
2034 4008 2379 4070 warnezan,
2422 3987 2492 4052 in
2533 3984 2751 4052 formis
2792 3983 2999 4050 auctis
3028 3981 3202 4065 olum,
3248 4005 3430 4047 wan-n

504 4093 606 4157 vel
645 4117 890 4160 war-riez
943 4097 1489 4184 praepositionum
1533 4120 1584 4181 o,
1635 4117 1772 4163 war
1823 4107 1971 4164 ante
2022 4098 2399 4183 pronomina
2454 4095 2701 4163 suffixa.
2806 4093 3269 4162 Grammatices
3325 4103 3432 4160 est

507 4203 612 4269 vel
658 4205 884 4288 lexici,
937 4229 1068 4272 non
1113 4207 1466 4294 scripturae
1509 4209 1800 4290 usitatae,
1848 4209 2069 4274 harum
2110 4208 2449 4274 formarum
2492 4205 3109 4290 ortumjostendere,
3152 4213 3223 4267 ut
3262 4203 3430 4270 alias

500 4335 627 4395 res,
674 4337 730 4380 e.
773 4338 866 4401 gr.
911 4317 1287 4384 varietatem
1329 4319 1702 4404 quantitatis
1753 4319 1852 4384 vel
1880 4317 2417 4404 pronuntiationis
2446 4318 2779 4398 vocalium,
2826 4337 2990 4402 quae
3020 4313 3431 4400 conspiciun-

502 4433 606 4488 tur
647 4425 714 4488 in
759 4424 1082 4493 hodiernis
1124 4429 1305 4495 libris
1349 4429 1717 4495 aremoricis
1763 4437 2063 4496 oneratae
2106 4429 2307 4495 variis
2352 4428 2723 4495 accentibus
2740 4477 2757 4509 ,
2813 4448 2975 4513 quos
3034 4425 3219 4492 omisi
3268 4446 3429 4490 con-

505 4533 690 4616 sulto,
737 4555 877 4600 cum
919 4559 1050 4602 non
1095 4538 1308 4604 adsint
1349 4540 1416 4604 in
1458 4539 1935 4606 vetustioribus.
2026 4537 2351 4606 Cambrici
2404 4539 2549 4604 libri
2594 4537 2787 4604 etiam
2838 4535 3151 4602 eiusmodi
3196 4555 3429 4600 accen-

503 4653 633 4707 tum
675 4646 1093 4712 recentiorem
1137 4648 1428 4730 offerunt,
1477 4649 1591 4715 sed
1635 4671 1832 4715 unum
1876 4650 2351 4716 circumflexum
2394 4649 2462 4714 in
2492 4647 2823 4714 vocalibus
2852 4645 3199 4733 productis,
3242 4653 3317 4708 ut
3354 4643 3428 4709 in

497 4755 668 4838 qwln
709 4755 1006 4843 (vinum),
1053 4760 1438 4844 saepiusque
1481 4761 1550 4824 in
1581 4761 1893 4847 correptis
1936 4760 2229 4850 primitus
2273 4770 2339 4826 et
2366 4783 2405 4824 a
2430 4757 2785 4825 recentiore
2814 4757 3034 4842 lingua
3074 4753 3425 4842 productis,

432 4905 442 4914 —
504 4887 559 4930 e.
591 4888 682 4951 gr.
727 4868 795 4931 in
838 4870 949 4931 uin
991 4869 1242 4954 (ignis),
1290 4869 1504 4935 verbis
1545 4871 1612 4935 in
1655 4876 1788 4952 -ciu,
1833 4873 1951 4936 Ιιέη
1992 4869 2253 4956 (senex)
2298 4879 2442 4950 etc.,
2492 4877 2562 4934 ut
2604 4869 2663 4934 si
2708 4867 3022 4934 scribatur
3064 4864 3429 4952 germanice

500 4977 647 5062 wey,
687 4977 852 5065 gebe,
898 4999 1037 5043 cum
1082 4999 1114 5041 e
1151 4978 1460 5064 producta
1499 4979 1688 5047 hodie
1731 4982 1875 5048 loco
1922 4990 2251 5067 correptae
2293 4978 2654 5066 primitivae
2698 4999 2729 5042 e
2771 4978 2875 5044 vel
2916 4979 2945 5042 i
2981 4978 3050 5042 in
3095 4987 3221 5064 got.
3268 4981 3426 5065 viys,

497 5087 667 5174 yiba,
714 5110 907 5174 germ.
951 5098 1076 5153 vet.
1123 5111 1298 5178 ειπερ,
1339 5089 1506 5176 yibu.

669 5199 856 5282 Quae
897 5199 1069 5286 apud
1109 5197 1486 5268 Marcellum
1526 5197 2073 5286 Burdegalensem
2087 5249 2105 5284 ,
2148 5197 2485 5286 Virgilium
2528 5199 3037 5286 grammaticum,
3090 5197 3160 5265 in
3202 5198 3431 5285 glossa
