3717 5642
571 385 695 452 764
759 387 894 452 (⁷25·
921 389 1042 454 ⁷26)
1109 385 1190 454 V.
1241 390 1272 452 1
1288 441 1305 458 .
1371 404 1739 454 maruno
1782 405 2073 455 cunci
2112 406 2203 454 nr
2246 362 2618 456 masuras
2659 403 3029 456 vocamur.

743 571 873 641 UA
903 572 1124 659 (UO):
1171 574 1402 641 Atesui
1447 572 1730 658 (Galliae
1760 598 1932 663 pop.‚
1976 574 2143 642 Plin.
2175 579 2235 660 4,
2272 577 2381 658 18;
2430 573 2507 642 cf.
2537 572 2737 641 Essui
2766 572 3007 661 Caes),
3052 575 3283 642 Mesua
3322 577 3491 662 (col-

567 676 652 742 lis
697 676 870 744 Gall.
914 677 1131 758 Narb.,
1175 674 1330 742 Mel.
1364 678 1422 758 2,
1455 679 1523 758 5;
1585 676 1662 742 cf.
1713 675 2053 739 Μεσούιον
2093 677 2262 744 Ptol.
2306 678 2377 744 in
2420 676 2635 744 Germ.
2679 677 2971 764 magna),
3029 677 3269 744 Addua
3306 677 3489 762 (fluv.

569 777 741 845 Gall.
788 779 1045 865 cisalp.;
1108 778 1186 844 cf.
1233 778 1490 864 quidam
1531 778 1786 844 nomine
1832 778 2137 861 Adduus,
2196 778 2425 846 Vellei.
2471 780 2534 862 2,
2581 780 2700 845 102
2758 789 2821 846 et
2872 779 3195 846 Aduatuci
3242 778 3491 864 Caes),

568 880 806 963 Aedui,
844 879 1060 945 Vidua
1102 878 1284 961 (fluv.
1326 879 1618 962 Hibern.,
1664 879 1861 962 Ptol.;
1909 880 1987 946 cf.
2032 880 2427 947 Viducasses
2467 880 2699 966 Plin.),
2743 880 3143 964 Ateboduus,
3186 879 3491 948 Marobo-

569 980 734 1048 duus
767 981 878 1066 (cf.
909 1004 972 1069 p.
1005 982 1136 1066 22),
1183 979 1671 1049 Cartismandua
1701 978 2178 1065 (Britannorum
2218 982 2460 1068 regina,
2507 981 2713 1068 Tac),
2762 982 3211 1066 Veromandui‚
3254 983 3498 1049 Abrin-

569 1083 740 1149 catui
797 1081 966 1151 Ptol.
1010 1080 1213 1164 Plin.,
1267 1081 1557 1147 Ambitui
1597 1081 1766 1148 Plin.
1868 1081 2030 1148 Item
2072 1083 2141 1148 in
2184 1084 2395 1171 priore
2436 1092 2618 1172 parte
2660 1087 3183 1173 compositorum:
3236 1082 3497 1150 Boduo-

568 1192 800 1271 gnatus
814 1233 833 1268 ,
881 1181 1527 1271 Epomanduodurum
1586 1182 1694 1268 (cf.
1739 1182 2280 1271 Mandubratius).
2370 1184 2468 1254 Cf.
2516 1185 2853 1272 dupliciter
2913 1187 3017 1254 vel
3055 1185 3501 1273 multipliciter

570 1285 890 1351 derivata:
935 1285 1260 1353 Meduana
1304 1288 1581 1368 (torrens
1624 1307 1826 1372 prope
1857 1288 2298 1374 Andegavum,
2343 1286 2539 1374 Greg.
2572 1286 2722 1354 Tur.
2760 1290 2855 1372 10,
2888 1291 2959 1371 9;
3005 1290 3157 1356 item
3196 1288 3267 1354 in
3305 1287 3499 1354 Actis

571 1385 742 1472 SS.),
787 1387 1141 1455 Medoacus
1189 1386 1396 1471 (fluvii
1441 1387 1563 1452 duo
1595 1385 1849 1455 Galliae
1881 1388 2125 1475 cisalp.,
2171 1388 2391 1476 Plin.),
2436 1388 2851 1456 Meduantum
2880 1389 3037 1457 Tab.
3067 1389 3275 1472 Peut.,
3320 1390 3501 1456 Nan-

565 1497 776 1556 tuates
820 1490 893 1575 (i.
926 1495 990 1556 e.'
1025 1489 1422 1574 Vallenses),
1481 1487 1833 1557 Gutruatus
1880 1489 2099 1574 Caes„
2160 1491 2443 1558 Bituitus
2499 1490 2699 1575 (Flor.
2747 1493 2806 1576 3,
2849 1495 2919 1575 23
2985 1491 3065 1559 cf.
3106 1490 3497 1578 Bituriges),

567 1591 905 1674 Aruanna,
962 1589 1304 1658 Teruanna
1353 1590 1501 1657 Itin.
1599 1593 1708 1657 Ad
1764 1591 1824 1657 V
1878 1601 2087 1658 tamen
2146 1615 2493 1660 consonam
2546 1593 2761 1681 potius
2814 1593 3149 1662 referenda
3200 1593 3505 1659 videntur

568 1714 714 1759 cum
757 1692 884 1760 alia
923 1701 1058 1759 tum
1100 1692 1288 1760 haec:
1334 1692 1654 1780 Sequana,
1697 1693 2002 1780 Sequani,
2045 1695 2415 1778 Arduenna,
2460 1696 2739 1762 Arverni
2784 1693 2973 1763 Caes.

733 1793 1020 1864 Eaedem
1059 1794 1316 1862 vocales
1361 1796 1604 1862 servari
1647 1797 1858 1863 solent
1898 1806 2045 1863 ante
2076 1819 2393 1864 consonas
2435 1796 2852 1864 derivationis
2882 1798 3295 1880 accedentes3
3341 1805 3417 1862 ut
3444 1798 3502 1862 i:

562 1897 835 1981 Morini,
896 1897 1210 1965 Toutillus
1255 1897 1458 1965 Inscr.
1517 1898 1628 1983 (cf.
1672 1896 1938 1981 Toutia,
1994 1898 2353 1981 Toutiorix,
2410 1922 2474 1986 p.
2515 1899 2659 1984 34),
2724 1897 3241 1985 Bodincomagus
3288 1897 3499 1982 (Plin.

570 2004 630 2084 3,
667 2000 813 2085 16),
871 2010 936 2066 et
977 2000 1252 2066 maxime
1293 2023 1366 2064 u:
1433 1999 1666 2066 Esubii
1707 1999 1889 2087 (pop.
1934 1999 2101 2067 Gall.
2146 2024 2250 2089 ap.
2283 1999 2534 2086 Caes.),
2592 1998 2920 2086 Esuggius
2976 2000 3178 2084 (nom.
3220 1999 3349 2066 viri
3393 2022 3504 2086 ap.

567 2102 805 2171 Mutat.
854 2103 1033 2184 1986,
1085 2103 1140 2166 7.
1201 2099 1398 2168 Orell.
1441 2101 1632 2182 20623
1705 2101 1783 2167 cf.
1833 2100 2193 2168 Esunertus
2249 2102 2489 2184 Inscr.,
2542 2101 2586 2166 i.
2630 2123 2684 2166 e.
2728 2100 2939 2168 Marte
2979 2101 3263 2184 validus,
3330 2123 3509 2168 com-

569 2205 850 2292 positum
894 2224 1036 2269 cum
1078 2201 1338 2268 nomine
1381 2201 1487 2268 dei
1529 2201 1748 2288 gallici
1789 2201 1963 2269 Esus
2006 2203 2207 2270 Inscr.
2225 2255 2242 2286 ,
2286 2203 2508 2284 Hesus
2552 2203 2864 2288 Lucam),
2924 2201 3259 2270 Mandubii
3306 2202 3508 2273 Caes.

573 2307 683 2392 (cf.
715 2304 1384 2393 Epomanduodurum,
1432 2302 1971 2389 Cartismandua),
2002 2303 2281 2388 Meduli,
2326 2304 2597 2371 Medulli
2626 2303 2816 2388 Plin„
2862 2300 3267 2370 Μέδουλλην
3310 2303 3509 2386 Ptol,

565 2407 916 2476 Medullius
957 2406 1162 2473 Inscr.
1208 2404 1422 2490 (Grut.
1475 2407 1657 2486 1038,
1681 2407 1758 2487 ‚93
1815 2404 1895 2471 cf.
1936 2403 2295 2490 Meduana,
2334 2404 2810 2491 Me'duantum),
2858 2403 3153 2473 Catullus
3193 2404 3307 2491 (cf.
3338 2429 3409 2493 p.
3441 2409 3511 2489 43

573 2531 806 2576 nomen
849 2507 974 2574 viri
1017 2509 1250 2575 cambr.
1297 2517 1422 2574 vet.
1472 2506 1668 2572 Catell
1719 2507 1790 2571 in
1831 2504 2051 2572 chron.
2098 2508 2336 2574 cambr.
2382 2509 2451 2574 in
2498 2507 2694 2595 praef.
2738 2507 2894 2594 Leg.
2940 2530 3003 2593 p.
3039 2505 3197 2592 IV),
3256 2505 3511 2575 Catuso

573 2609 778 2676 Inscr.
826 2610 1056 2697 (Orell.
1091 2611 1280 2697 273),
1339 2608 1621 2677 Catussa
1662 2606 2053 2695 (Sequanus,
2097 2608 2303 2677 Inscr.
2352 2608 2547 2676 Orell.
2578 2607 2811 2692 4803),
2854 2606 3267 2692 Bellatullus,
3314 2610 3515 2678 Bela-

572 2713 731 2778 tulla
771 2711 976 2780 Inscr.
1023 2712 1252 2798 (Orell.
1284 2711 1428 2777 287.
1458 2711 1659 2792 49833
1715 2707 1796 2774 of.
1839 2707 2269 2778 Bellatumara
2312 2735 2374 2798 p.
2414 2714 2522 2794 16,
2581 2709 3045 2778 Belatucardus
3086 2708 3291 2778 Inscr.
3336 2709 3512 2778 Mur.

570 2816 676 2897 43,
711 2816 797 2900 1),
843 2815 1253 2881 Adiatunnus
1299 2811 1488 2880 Caes.
2794 2870 2797 2873 .

733 2913 1190 3003 Diphthongos
1221 2914 1584 2981 derivantes
1627 2913 1696 2978 in
1728 2912 1999 2979 vetustis
2042 2913 2409 2982 nominibus
2454 2923 2738 2981 statuere
2780 2915 2891 2981 vix
2920 2913 3141 2980 licebit
3180 2915 3317 2982 nisi
3342 2915 3511 2982 forte

567 3019 656 3098 ai,
703 3017 780 3082 de
826 3039 954 3103 qua
994 3017 1122 3082 vid.
1167 3039 1230 3102 p.
1262 3017 1376 3098 29;
1430 3038 1579 3081 nam
1623 3037 1659 3080 e
1703 3014 2083 3081 combinatis
2128 3017 2211 3098 αι’,
2258 3019 2330 3098 ei,
2378 3041 2482 3099 au,
2534 3038 2609 3081 eu
2651 3015 2908 3082 vocales
2959 3015 3355 3103 posteriores
3400 3039 3511 3083 ac-

567 3116 834 3184 cedente
885 3118 1160 3184 fiexione
1213 3117 1344 3184 fere
1391 3118 1722 3184 solvuntur
1773 3116 1842 3182 in
1888 3115 2225 3203 spirantes.
2323 3117 2639 3205 Exempla
2693 3117 2887 3205 igitur
2936 3127 3286 3204 sequentur
3340 3117 3512 3183 infra

569 3221 687 3286 sub
735 3219 1145 3306 spirantibus.
1970 3307 2030 3313 *-
2095 3303 2235 3312 *-

736 3423 809 3490 In
853 3424 1072 3513 lingua
1111 3425 1154 3490 h
1174 3425 1248 3490 ib
1266 3447 1302 3490 e
1317 3423 1490 3504 rnic
1503 3447 1542 3490 a
1583 3424 1712 3490 iam
1757 3430 2031 3506 vetusta,
2082 3421 2140 3488 si
2183 3421 2469 3509 excipias
2513 3423 2997 3510 antiquissimas
3040 3421 3503 3510 inscriptiones

566 3527 867 3614 ogmicas,
912 3548 1074 3613 quas
1116 3524 1446 3593 vocalibus
1491 3525 1763 3592 servatis
1805 3546 2158 3610 congruere
2198 3523 2334 3591 fere
2376 3547 2520 3591 cum
2548 3525 2801 3612 gallicis
2842 3524 3148 3612 probatur
3181 3526 3502 3614 exemplis

563 3651 627 3715 p.
660 3629 783 3693 222
813 3649 910 3714 sq.
944 3627 1183 3694 allatis:
1231 3626 1715 3714 Corpimaqvas,
1749 3624 2111 3707 Cunatami,
2155 3624 2407 3712 perisse
2436 3649 2631 3713 supra
2658 3649 2722 3715 p.
2759 3627 2877 3692 172
2910 3647 3051 3712 sqq.
3098 3625 3503 3695 demonstra-

563 3729 771 3796 vimus
816 3730 1074 3796 vocales
1131 3739 1262 3796 tres
1303 3728 1655 3816 primitivas
1697 3751 1828 3794 non
1868 3727 2078 3794 solum
2120 3727 2530 3796 intermedias
2572 3729 2643 3795 in
2683 3727 3087 3815 compositis,
3146 3728 3267 3794 sed
3310 3731 3503 3796 etiam

563 3831 928 3899 terminales
972 3830 1531 3912 substantivorum,
1576 3837 1648 3894 ut
1673 3829 1742 3894 in
1754 3829 1868 3912 fer
1915 3826 2235 3913 (-—-fira·e,
2280 3828 2427 3913 vir),
2475 3831 2585 3896 dia
2627 3829 2724 3916 (=
2766 3831 3024 3913 deiva-s,
3070 3829 3287 3916 deus),
3334 3835 3507 3896 mai-r

567 3935 662 4022 (=
705 3937 890 4018 mori,
937 3933 1174 4019 mare),
1244 3932 1436 3998 hadid
1476 3932 1568 4016 (=
1615 3930 1790 4012 badi,
1844 3931 2143 4013 victoria3
2216 3931 2285 3997 in
2328 3930 2559 4016 quibus
2612 3932 2879 3999 vocibus
2924 3953 2967 3995 a
3024 3930 3131 3997 vel
3184 3933 3215 3996 i
3268 3931 3505 3999 detrita

570 4037 855 4124 proditur
898 4034 1105 4102 vocali
1141 4033 1385 4101 'radicis
1427 4031 1725 4117 infecta),
1751 4031 1857 4112 fid
1900 4032 1995 4116 (==
2038 4033 2264 4114 vida-8,
2309 4033 2547 4119 arbor),
2594 4032 2721 4100 bith
2762 4033 2858 4120 (=
2902 4033 3093 4098 bitu-e
3106 4083 3121 4114 ,
3172 4033 3503 4119 mundus),

567 4139 709 4204 cath
739 4138 831 4223 (=
863 4149 1082 4218 catu-⁸,
1126 4134 1394 4222 pugna).
1468 4133 1712 4203 Contra
1741 4145 2030 4201 servatur
2072 4135 2175 4202 vel
2204 4135 2350 4221 ipsa
2392 4133 2497 4201 vel
2538 4157 2653 4221 per
2682 4135 3101 4202 defectionem
3128 4133 3197 4198 in
3226 4155 3261 4198 e
3286 4144 3503 4201 trans·

571 4262 796 4327 gressa
839 4244 869 4305 i
908 4239 1208 4306 derivans
1251 4239 1320 4304 in
1361 4237 1650 4306 formulis
1695 4237 2239 4304 substantivorum
2280 4239 2439 4302 -t-ion
2484 4246 2625 4320 etc.,
2673 4237 3131 4306 adiectivorum
3174 4239 3315 4318 -είο,
3367 4239 3503 4302 -dio

567 4350 688 4410 etc.
785 4341 893 4407 Ad
957 4339 1133 4406 illam
1187 4340 1359 4406 enim
1411 4339 1774 4407 revocanda
1826 4349 1979 4404 sunt
2020 4339 2422 4406 substantiva
2457 4338 2789 4406 hibernica
2814 4338 2910 4404 ·in
2955 4341 3112 4422 -tiu,
3158 4359 3307 4424 gen.
3351 4351 3503 4420 -ten,

563 4447 713 4526 -είιι,
755 4467 900 4531 gen.
931 4464 1067 4507 -oen
1109 4441 1214 4526 (ut
1239 4443 1512 4529 sothitiu,
1559 4443 1807 4524 deicaiu,
1851 4441 2205 4528 ἀνρήαὼίας
2249 4439 2333 4507 cf.
2376 4441 2485 4507 lat.
2530 4441 2769 4522 divisile,
2810 4441 3051 4526 -ionie),
3096 4439 3179 4506 ad
3222 4439 3344 4507 has
3392 4441 3502 4507 ad·

565 4546 802 4612 iectiva
845 4543 1130 4612 derivata
1171 4545 1240 4610 in
1289 4557 1396 4626 -te,
1437 4545 1565 4626 -de,
1605 4543 1757 4608 -itloe
1799 4540 1903 4627 (ut
1944 4543 2125 4625 da'lte,
2168 4541 2462 4626 forensis,
2501 4543 2709 4630 yaffle,
2750 4543 2939 4608 hasta
2978 4541 3360 4627 praeditus).

742 4647 1053 4714 Eiusdem
1095 4645 1266 4712 haud
1311 4645 1503 4714 dubie
1553 4645 1822 4732 originis
1868 4655 1969 4711 est
2007 4645 2221 4711 finalis
2262 4645 2323 4712 E
2382 4646 2453 4711 in
2492 4645 2726 4731 prioris
2770 4643 3011 4711 ordinis
3056 4643 3501 4726 substantivis,

565 4749 752 4816 trium
797 4772 1100 4836 generum
1143 4747 1254 4834 (cf.
1300 4771 1410 4837 pp.
1441 4749 1584 4813 229.
1618 4746 1794 4831 247),
1839 4755 1915 4812 ut
1953 4746 2023 4811 in
2078 4745 2384 4813 derivatis
2426 4769 2623 4814 masc.
2667 4768 2809 4833 gen.
2854 4745 2927 4812 in
2968 4737 3151 4828 -aire,
3194 4747 3321 4811 -ire
3362 4745 3503 4830 (no-

567 4854 744 4934 taire,
788 4850 1126 4936 notarius),
1169 4851 1238 4914 in
1283 4848 1620 4917 abstractis
1662 4849 1810 4916 fem.
1856 4871 2022 4936 gen„
2072 4869 2237 4934 quae
2276 4847 2804 4935 frequentissima
2844 4871 2928 4915 ex
2970 4847 3310 4914 adiectivis
3355 4856 3505 4913 sunt

567 4951 834 5019 formata
877 4954 1065 5038 (la'ne,
1112 4952 1496 5040 plenitudo),
1543 4961 1608 5018 et
1634 4961 1838 5018 neutr.
1888 4960 1959 5015 ut
1972 4949 2185 5034 forbe:
2214 4949 2405 5033 forbe
2438 4951 2865 5038 indaqimrata
2908 4949 3245 5037 (perfectio
3291 4951 3501 5017 bonae

567 5053 1006 5140 cogitationis3
1062 5054 1190 5120 dat.
1235 5053 1529 5138 diaforbu
1579 5053 1769 5140 ibid.)
1812 5051 1963 5122 Wb.
2008 5053 2101 5134 3⁴¹3
2154 5051 2259 5118 vel
2310 5051 2379 5117 in
2421 5051 2902 5139 pronominibus
2962 5060 3033 5116 ut
3082 5051 3209 5115 aile
3249 5051 3501 5139 (alius),

571 5154 696 5220 uile
737 5153 1029 5242 (omnis).
1118 5155 1452 5241 Subiungo
1494 5155 1755 5223 nomina
1797 5153 2127 5243 quaedam,
2171 5154 2547 5244 praesertim
2592 5153 2747 5222 alibi
2788 5175 2920 5221 non
2960 5163 3333 5222 memorata.
