<?xml version="1.0" encoding="UTF-8"?>
<!DOCTYPE html PUBLIC "-//W3C//DTD XHTML 1.0 Transitional//EN"
    "http://www.w3.org/TR/xhtml1/DTD/xhtml1-transitional.dtd">
<html xmlns="http://www.w3.org/1999/xhtml" xml:lang="en" lang="en">
 <head>
  <title>
</title>
<meta http-equiv="Content-Type" content="text/html;charset=utf-8" />
  <meta name='ocr-system' content='tesseract 3.04.00' />
  <meta name='ocr-capabilities' content='ocr_page ocr_carea ocr_par ocr_line ocrx_word'/>
</head>
<body>
  <div class='ocr_page' id='page_1' title='image "./grammaticacelti01ebelgoog_0394.png"; bbox 0 0 3717 5642; ppageno 0'>
   <div class='ocr_carea' id='block_1_1' title="bbox 571 353 2767 425">
    <p class='ocr_par' dir='ltr' id='par_1_1' title="bbox 571 353 2767 425">
     <span class='ocr_line' id='line_1_1' title="bbox 571 353 2767 425; baseline -0.001 -1"><span class='ocrx_word' id='word_1_1' title='bbox 571 357 696 424; x_wconf 84' lang='lat'>816</span> <span class='ocrx_word' id='word_1_2' title='bbox 759 357 908 422; x_wconf 74' lang='grc'>(784)</span> <span class='ocrx_word' id='word_1_3' title='bbox 1277 353 1354 422; x_wconf 84' lang='lat' dir='ltr'>V.</span> <span class='ocrx_word' id='word_1_4' title='bbox 1403 357 1460 422; x_wconf 90' lang='lat'>1.</span> <span class='ocrx_word' id='word_1_5' title='bbox 1523 373 1895 424; x_wconf 67' lang='lat' dir='ltr'>mutuno</span> <span class='ocrx_word' id='word_1_6' title='bbox 1937 373 2351 425; x_wconf 56' lang='lat' dir='ltr'>emamus</span> <span class='ocrx_word' id='word_1_7' title='bbox 2396 374 2767 425; x_wconf 65' lang='lat' dir='ltr'>vocum.</span> 
     </span>
    </p>
   </div>
   <div class='ocr_carea' id='block_1_2' title="bbox 572 541 3525 2864">
    <p class='ocr_par' dir='ltr' id='par_1_2' title="bbox 577 541 3492 731">
     <span class='ocr_line' id='line_1_2' title="bbox 579 541 3492 631; baseline -0 -22"><span class='ocrx_word' id='word_1_8' title='bbox 579 543 676 628; x_wconf 88' lang='lat'>(=</span> <span class='ocrx_word' id='word_1_9' title='bbox 706 542 954 628; x_wconf 78' lang='lat' dir='ltr'>David)</span> <span class='ocrx_word' id='word_1_10' title='bbox 997 541 1162 608; x_wconf 89' lang='lat' dir='ltr'>Buh.</span> <span class='ocrx_word' id='word_1_11' title='bbox 1193 541 1280 628; x_wconf 82' lang='lat' dir='ltr'>fq.</span> <span class='ocrx_word' id='word_1_12' title='bbox 1323 541 1540 608; x_wconf 83' lang='lat' dir='ltr'>amisit</span> <span class='ocrx_word' id='word_1_13' title='bbox 1581 543 1626 606; x_wconf 80' lang='lat' dir='ltr'>d</span> <span class='ocrx_word' id='word_1_14' title='bbox 1664 543 1951 623; x_wconf 83' lang='lat' dir='ltr'>finalem3</span> <span class='ocrx_word' id='word_1_15' title='bbox 1996 543 2065 608; x_wconf 88' lang='lat' dir='ltr'>in</span> <span class='ocrx_word' id='word_1_16' title='bbox 2108 543 2253 610; x_wconf 82' lang='lat' dir='ltr'>aliis</span> <span class='ocrx_word' id='word_1_17' title='bbox 2295 543 2548 610; x_wconf 84' lang='lat' dir='ltr'>videtur</span> <span class='ocrx_word' id='word_1_18' title='bbox 2574 567 2619 607; x_wconf 80' lang='lat' dir='ltr'>n</span> <span class='ocrx_word' id='word_1_19' title='bbox 2664 543 3099 631; x_wconf 82' lang='lat' dir='ltr'>supponenda,</span> <span class='ocrx_word' id='word_1_20' title='bbox 3144 541 3205 610; x_wconf 87' lang='lat' dir='ltr'>si</span> <span class='ocrx_word' id='word_1_21' title='bbox 3252 541 3492 608; x_wconf 83' lang='lat' dir='ltr'>confer-</span> 
     </span>
     <span class='ocr_line' id='line_1_3' title="bbox 577 643 2091 731; baseline -0.001 -19"><span class='ocrx_word' id='word_1_22' title='bbox 577 656 680 712; x_wconf 91' lang='lat' dir='ltr'>tur</span> <span class='ocrx_word' id='word_1_23' title='bbox 721 669 953 712; x_wconf 89' lang='lat' dir='ltr'>nomen</span> <span class='ocrx_word' id='word_1_24' title='bbox 997 653 1313 711; x_wconf 81' lang='lat' dir='ltr'>vetustum</span> <span class='ocrx_word' id='word_1_25' title='bbox 1358 643 1784 711; x_wconf 86' lang='lat' dir='ltr'>Cunobilinus</span> <span class='ocrx_word' id='word_1_26' title='bbox 1829 645 1924 731; x_wconf 89' lang='lat' dir='ltr'>(p.</span> <span class='ocrx_word' id='word_1_27' title='bbox 1956 645 2091 728; x_wconf 87' lang='grc'>85).</span> 
     </span>
    </p>

    <p class='ocr_par' dir='ltr' id='par_1_3' title="bbox 572 744 3509 1746">
     <span class='ocr_line' id='line_1_4' title="bbox 745 744 3497 833; baseline -0.001 -19"><span class='ocrx_word' id='word_1_28' title='bbox 745 746 807 814; x_wconf 91' lang='lat' dir='ltr'><strong>U</strong></span> <span class='ocrx_word' id='word_1_29' title='bbox 835 747 1047 814; x_wconf 81' lang='lat' dir='ltr'>finalis</span> <span class='ocrx_word' id='word_1_30' title='bbox 1079 746 1302 812; x_wconf 88' lang='lat' dir='ltr'>nescio</span> <span class='ocrx_word' id='word_1_31' title='bbox 1335 767 1459 831; x_wconf 90' lang='lat' dir='ltr'>quo</span> <span class='ocrx_word' id='word_1_32' title='bbox 1490 756 1678 830; x_wconf 83' lang='lat' dir='ltr'>pacto</span> <span class='ocrx_word' id='word_1_33' title='bbox 1709 755 1882 812; x_wconf 81' lang='lat' dir='ltr'>extat</span> <span class='ocrx_word' id='word_1_34' title='bbox 1910 746 1978 810; x_wconf 89' lang='lat' dir='ltr'>in</span> <span class='ocrx_word' id='word_1_35' title='bbox 2008 767 2181 810; x_wconf 88' lang='lat' dir='ltr'>corn.</span> <span class='ocrx_word' id='word_1_36' title='bbox 2214 747 2393 808; x_wconf 77' lang='lat' dir='ltr'>meda</span> <span class='ocrx_word' id='word_1_37' title='bbox 2423 744 2650 833; x_wconf 87' lang='lat' dir='ltr'>(supra</span> <span class='ocrx_word' id='word_1_38' title='bbox 2678 746 2865 813; x_wconf 88' lang='lat' dir='ltr'>scrib.</span> <span class='ocrx_word' id='word_1_39' title='bbox 2898 748 3175 828; x_wconf 78' lang='lat' dir='ltr'>meddou,</span> <span class='ocrx_word' id='word_1_40' title='bbox 3220 746 3497 826; x_wconf 79' lang='lat' dir='ltr'>medum3</span> 
     </span>
     <span class='ocr_line' id='line_1_5' title="bbox 573 842 3497 934; baseline -0.001 -22"><span class='ocrx_word' id='word_1_41' title='bbox 573 872 664 934; x_wconf 84' lang='lat' dir='ltr'>gr.</span> <span class='ocrx_word' id='word_1_42' title='bbox 707 842 920 933; x_wconf 66' lang='grc' dir='ltr'>μεθύ)</span> <span class='ocrx_word' id='word_1_43' title='bbox 975 848 1134 914; x_wconf 91' lang='lat' dir='ltr'>Voc.</span> <span class='ocrx_word' id='word_1_44' title='bbox 1170 850 1299 928; x_wconf 75' lang='lat'>10⁸,</span> <span class='ocrx_word' id='word_1_45' title='bbox 1361 847 1534 933; x_wconf 90' lang='lat' dir='ltr'>quod</span> <span class='ocrx_word' id='word_1_46' title='bbox 1582 869 1712 911; x_wconf 92' lang='lat' dir='ltr'>non</span> <span class='ocrx_word' id='word_1_47' title='bbox 1765 845 1970 912; x_wconf 88' lang='lat' dir='ltr'>solum</span> <span class='ocrx_word' id='word_1_48' title='bbox 2024 846 2343 912; x_wconf 85' lang='lat' dir='ltr'>cambrice</span> <span class='ocrx_word' id='word_1_49' title='bbox 2400 855 2501 912; x_wconf 90' lang='lat' dir='ltr'>est</span> <span class='ocrx_word' id='word_1_50' title='bbox 2552 849 2689 912; x_wconf 81' lang='lat' dir='ltr'>med</span> <span class='ocrx_word' id='word_1_51' title='bbox 2738 847 2821 933; x_wconf 85' lang='lat' dir='ltr'>gl.</span> <span class='ocrx_word' id='word_1_52' title='bbox 2869 847 2992 914; x_wconf 81' lang='lat' dir='ltr'>Ox.</span> <span class='ocrx_word' id='word_1_53' title='bbox 3030 848 3109 914; x_wconf 90' lang='grc' dir='ltr'>Β.</span> <span class='ocrx_word' id='word_1_54' title='bbox 3139 852 3265 915; x_wconf 84' lang='grc'>44·.</span> <span class='ocrx_word' id='word_1_55' title='bbox 3324 849 3497 914; x_wconf 74' lang='lat' dir='ltr'>Mab.</span> 
     </span>
     <span class='ocr_line' id='line_1_6' title="bbox 587 946 3499 1036; baseline -0 -22"><span class='ocrx_word' id='word_1_56' title='bbox 587 953 642 1030; x_wconf 93' lang='lat'>1,</span> <span class='ocrx_word' id='word_1_57' title='bbox 673 951 712 1015; x_wconf 84' lang='lat'>2</span> <span class='ocrx_word' id='word_1_58' title='bbox 756 950 908 1035; x_wconf 81' lang='lat' dir='ltr'>(met</span> <span class='ocrx_word' id='word_1_59' title='bbox 933 949 1091 1036; x_wconf 82' lang='lat' dir='ltr'>Leg.</span> <span class='ocrx_word' id='word_1_60' title='bbox 1121 953 1175 1032; x_wconf 89' lang='lat'>1,</span> <span class='ocrx_word' id='word_1_61' title='bbox 1214 953 1308 1031; x_wconf 98' lang='grc'>17,</span> <span class='ocrx_word' id='word_1_62' title='bbox 1344 949 1444 1034; x_wconf 88' lang='grc'>5),</span> <span class='ocrx_word' id='word_1_63' title='bbox 1499 947 1690 1014; x_wconf 90' lang='lat' dir='ltr'>hodie</span> <span class='ocrx_word' id='word_1_64' title='bbox 1731 949 1937 1030; x_wconf 80' lang='lat' dir='ltr'>medd,</span> <span class='ocrx_word' id='word_1_65' title='bbox 1985 969 2172 1013; x_wconf 84' lang='lat' dir='ltr'>arem.</span> <span class='ocrx_word' id='word_1_66' title='bbox 2204 969 2334 1011; x_wconf 80' lang='lat' dir='ltr'>mez</span> <span class='ocrx_word' id='word_1_67' title='bbox 2365 946 2573 1029; x_wconf 65' lang='lat' dir='ltr'>cath„</span> <span class='ocrx_word' id='word_1_68' title='bbox 2623 948 2737 1014; x_wconf 86' lang='lat' dir='ltr'>sed</span> <span class='ocrx_word' id='word_1_69' title='bbox 2780 950 2971 1016; x_wconf 83' lang='lat' dir='ltr'>etiam</span> <span class='ocrx_word' id='word_1_70' title='bbox 3014 973 3186 1016; x_wconf 88' lang='lat' dir='ltr'>corn.</span> <span class='ocrx_word' id='word_1_71' title='bbox 3219 953 3380 1014; x_wconf 76' lang='lat' dir='ltr'>metk</span> <span class='ocrx_word' id='word_1_72' title='bbox 3422 950 3499 1016; x_wconf 92' lang='lat' dir='ltr'>O.</span> 
     </span>
     <span class='ocr_line' id='line_1_7' title="bbox 572 1048 3503 1138; baseline -0.001 -21"><span class='ocrx_word' id='word_1_73' title='bbox 572 1053 769 1132; x_wconf 76' lang='lat'>24353</span> <span class='ocrx_word' id='word_1_74' title='bbox 810 1052 878 1116; x_wconf 90' lang='lat' dir='ltr'>in</span> <span class='ocrx_word' id='word_1_75' title='bbox 926 1073 1052 1137; x_wconf 90' lang='lat' dir='ltr'>quo</span> <span class='ocrx_word' id='word_1_76' title='bbox 1091 1050 1380 1138; x_wconf 86' lang='lat' dir='ltr'>exemplo</span> <span class='ocrx_word' id='word_1_77' title='bbox 1423 1049 1591 1116; x_wconf 82' lang='lat' dir='ltr'>haud</span> <span class='ocrx_word' id='word_1_78' title='bbox 1638 1050 1773 1115; x_wconf 88' lang='lat' dir='ltr'>scio</span> <span class='ocrx_word' id='word_1_79' title='bbox 1819 1073 1902 1114; x_wconf 89' lang='lat' dir='ltr'>an</span> <span class='ocrx_word' id='word_1_80' title='bbox 1932 1049 2291 1114; x_wconf 77' lang='lat' dir='ltr'><strong>commixtio</strong></span> <span class='ocrx_word' id='word_1_81' title='bbox 2334 1048 2503 1114; x_wconf 85' lang='lat' dir='ltr'>facta</span> <span class='ocrx_word' id='word_1_82' title='bbox 2543 1050 2630 1114; x_wconf 88' lang='lat' dir='ltr'>sit</span> <span class='ocrx_word' id='word_1_83' title='bbox 2671 1072 2813 1116; x_wconf 91' lang='lat' dir='ltr'>cum</span> <span class='ocrx_word' id='word_1_84' title='bbox 2858 1053 2983 1118; x_wconf 78' lang='lat' dir='ltr'>adi.</span> <span class='ocrx_word' id='word_1_85' title='bbox 3014 1054 3226 1132; x_wconf 81' lang='lat' dir='ltr'>medw,</span> <span class='ocrx_word' id='word_1_86' title='bbox 3268 1053 3503 1116; x_wconf 83' lang='lat' dir='ltr'>meddw</span> 
     </span>
     <span class='ocr_line' id='line_1_8' title="bbox 573 1149 3499 1239; baseline -0 -21"><span class='ocrx_word' id='word_1_87' title='bbox 573 1151 870 1238; x_wconf 90' lang='lat' dir='ltr'>(ebrius).</span> <span class='ocrx_word' id='word_1_88' title='bbox 957 1151 1198 1218; x_wconf 88' lang='lat' dir='ltr'>Eadem</span> <span class='ocrx_word' id='word_1_89' title='bbox 1243 1151 1313 1217; x_wconf 92' lang='lat' dir='ltr'>in</span> <span class='ocrx_word' id='word_1_90' title='bbox 1356 1173 1514 1218; x_wconf 81' lang='lat' dir='ltr'>voce</span> <span class='ocrx_word' id='word_1_91' title='bbox 1559 1151 1718 1216; x_wconf 67' lang='lat' dir='ltr'>boda</span> <span class='ocrx_word' id='word_1_92' title='bbox 1759 1151 2075 1237; x_wconf 78' lang='lat' dir='ltr'><strong>frequenti</strong></span> <span class='ocrx_word' id='word_1_93' title='bbox 2118 1151 2187 1214; x_wconf 87' lang='lat' dir='ltr'>in</span> <span class='ocrx_word' id='word_1_94' title='bbox 2230 1149 2595 1216; x_wconf 81' lang='lat' dir='ltr'>nominibus</span> <span class='ocrx_word' id='word_1_95' title='bbox 2640 1153 3015 1239; x_wconf 86' lang='lat' dir='ltr'>compositis</span> <span class='ocrx_word' id='word_1_96' title='bbox 3054 1163 3187 1218; x_wconf 87' lang='lat' dir='ltr'>tam</span> <span class='ocrx_word' id='word_1_97' title='bbox 3232 1153 3499 1218; x_wconf 82' lang='lat' dir='ltr'>cambri-</span> 
     </span>
     <span class='ocr_line' id='line_1_9' title="bbox 573 1251 3497 1342; baseline -0.001 -22"><span class='ocrx_word' id='word_1_98' title='bbox 573 1256 668 1321; x_wconf 90' lang='lat' dir='ltr'>cis</span> <span class='ocrx_word' id='word_1_99' title='bbox 714 1277 904 1342; x_wconf 87' lang='lat' dir='ltr'>quam</span> <span class='ocrx_word' id='word_1_100' title='bbox 947 1253 1342 1333; x_wconf 79' lang='lat' dir='ltr'>aremoricis,</span> <span class='ocrx_word' id='word_1_101' title='bbox 1399 1253 1663 1338; x_wconf 80' lang='lat' dir='ltr'>perinde</span> <span class='ocrx_word' id='word_1_102' title='bbox 1717 1261 1909 1339; x_wconf 83' lang='lat' dir='ltr'>atque</span> <span class='ocrx_word' id='word_1_103' title='bbox 1963 1253 2033 1316; x_wconf 91' lang='lat' dir='ltr'>in</span> <span class='ocrx_word' id='word_1_104' title='bbox 2076 1251 2325 1338; x_wconf 76' lang='lat' dir='ltr'>gallicis</span> <span class='ocrx_word' id='word_1_105' title='bbox 2368 1251 2641 1318; x_wconf 85' lang='lat' dir='ltr'>vetustis</span> <span class='ocrx_word' id='word_1_106' title='bbox 2685 1253 2951 1320; x_wconf 69' lang='lat' dir='ltr'>-boduus</span> <span class='ocrx_word' id='word_1_107' title='bbox 2992 1255 3085 1342; x_wconf 87' lang='lat' dir='ltr'>(p.</span> <span class='ocrx_word' id='word_1_108' title='bbox 3132 1255 3215 1318; x_wconf 87' lang='grc'>22</span> <span class='ocrx_word' id='word_1_109' title='bbox 3234 1305 3253 1335; x_wconf 94' lang='grc'>,</span> <span class='ocrx_word' id='word_1_110' title='bbox 3310 1255 3497 1337; x_wconf 66' lang='lat' dir='ltr'>not),</span> 
     </span>
     <span class='ocr_line' id='line_1_10' title="bbox 576 1353 3507 1443; baseline 0 -21"><span class='ocrx_word' id='word_1_111' title='bbox 576 1379 738 1443; x_wconf 81' lang='lat' dir='ltr'>quae</span> <span class='ocrx_word' id='word_1_112' title='bbox 786 1356 1052 1423; x_wconf 80' lang='lat' dir='ltr'>forsitan</span> <span class='ocrx_word' id='word_1_113' title='bbox 1093 1354 1262 1420; x_wconf 89' lang='lat' dir='ltr'>idem</span> <span class='ocrx_word' id='word_1_114' title='bbox 1297 1354 1629 1441; x_wconf 81' lang='lat' dir='ltr'>significet</span> <span class='ocrx_word' id='word_1_115' title='bbox 1681 1355 1852 1439; x_wconf 89' lang='lat' dir='ltr'>quod</span> <span class='ocrx_word' id='word_1_116' title='bbox 1894 1375 2074 1440; x_wconf 77' lang='lat' dir='ltr'>-9eru</span> <span class='ocrx_word' id='word_1_117' title='bbox 2122 1353 2192 1417; x_wconf 91' lang='lat' dir='ltr'>in</span> <span class='ocrx_word' id='word_1_118' title='bbox 2234 1353 2596 1419; x_wconf 84' lang='lat' dir='ltr'>nominibus</span> <span class='ocrx_word' id='word_1_119' title='bbox 2640 1355 2913 1421; x_wconf 83' lang='lat' dir='ltr'>vetustis</span> <span class='ocrx_word' id='word_1_120' title='bbox 2958 1357 3375 1442; x_wconf 82' lang='lat' dir='ltr'>germanicis,</span> <span class='ocrx_word' id='word_1_121' title='bbox 3436 1369 3507 1421; x_wconf 83' lang='lat' dir='ltr'>ut</span> 
     </span>
     <span class='ocr_line' id='line_1_11' title="bbox 576 1453 3506 1545; baseline -0 -23"><span class='ocrx_word' id='word_1_122' title='bbox 576 1457 914 1543; x_wconf 83' lang='lat' dir='ltr'>Fridigern</span> <span class='ocrx_word' id='word_1_123' title='bbox 931 1509 946 1538; x_wconf 91' lang='lat'><strong>‚</strong></span> <span class='ocrx_word' id='word_1_124' title='bbox 1002 1458 1083 1523; x_wconf 78' lang='lat' dir='ltr'>sd</span> <span class='ocrx_word' id='word_1_125' title='bbox 1131 1456 1574 1524; x_wconf 74' lang='lat' dir='ltr'>semivocalem</span> <span class='ocrx_word' id='word_1_126' title='bbox 1617 1479 1652 1518; x_wconf 85' lang='lat' dir='ltr'><strong><em>v</em></strong></span> <span class='ocrx_word' id='word_1_127' title='bbox 1695 1454 2029 1520; x_wconf 87' lang='lat' dir='ltr'>referenda</span> <span class='ocrx_word' id='word_1_128' title='bbox 2070 1453 2349 1534; x_wconf 79' lang='lat' dir='ltr'>videtur,</span> <span class='ocrx_word' id='word_1_129' title='bbox 2408 1454 2573 1520; x_wconf 86' lang='lat' dir='ltr'>sicut</span> <span class='ocrx_word' id='word_1_130' title='bbox 2612 1456 2682 1521; x_wconf 90' lang='lat' dir='ltr'>in</span> <span class='ocrx_word' id='word_1_131' title='bbox 2724 1454 3047 1544; x_wconf 81' lang='lat' dir='ltr'>plerisque</span> <span class='ocrx_word' id='word_1_132' title='bbox 3090 1457 3403 1545; x_wconf 86' lang='lat' dir='ltr'>exemplis</span> <span class='ocrx_word' id='word_1_133' title='bbox 3444 1483 3506 1538; x_wconf 76' lang='lat' dir='ltr'>u,</span> 
     </span>
     <span class='ocr_line' id='line_1_12' title="bbox 579 1555 3509 1645; baseline -0 -21"><span class='ocrx_word' id='word_1_134' title='bbox 579 1583 636 1624; x_wconf 83' lang='lat' dir='ltr'><em>w</em></span> <span class='ocrx_word' id='word_1_135' title='bbox 677 1559 1029 1626; x_wconf 81' lang='lat' dir='ltr'>terminalis</span> <span class='ocrx_word' id='word_1_136' title='bbox 1061 1561 1154 1645; x_wconf 89' lang='lat' dir='ltr'>(p.</span> <span class='ocrx_word' id='word_1_137' title='bbox 1189 1561 1308 1624; x_wconf 94' lang='grc'>129</span> <span class='ocrx_word' id='word_1_138' title='bbox 1341 1557 1490 1644; x_wconf 90' lang='lat' dir='ltr'>sq.),</span> <span class='ocrx_word' id='word_1_139' title='bbox 1537 1555 1824 1643; x_wconf 87' lang='lat' dir='ltr'>exceptis</span> <span class='ocrx_word' id='word_1_140' title='bbox 1851 1557 2099 1643; x_wconf 86' lang='lat' dir='ltr'>paucis,</span> <span class='ocrx_word' id='word_1_141' title='bbox 2142 1555 2212 1622; x_wconf 89' lang='lat' dir='ltr'>in</span> <span class='ocrx_word' id='word_1_142' title='bbox 2242 1556 2475 1642; x_wconf 87' lang='lat' dir='ltr'>quibus</span> <span class='ocrx_word' id='word_1_143' title='bbox 2503 1580 2561 1620; x_wconf 86' lang='lat' dir='ltr'><strong><em>w</em></strong></span> <span class='ocrx_word' id='word_1_144' title='bbox 2602 1557 2817 1624; x_wconf 83' lang='lat' dir='ltr'>finalis</span> <span class='ocrx_word' id='word_1_145' title='bbox 2844 1569 2984 1624; x_wconf 86' lang='lat' dir='ltr'>orta</span> <span class='ocrx_word' id='word_1_146' title='bbox 3010 1569 3111 1625; x_wconf 88' lang='lat' dir='ltr'>est</span> <span class='ocrx_word' id='word_1_147' title='bbox 3137 1559 3509 1638; x_wconf 74' lang='lat' dir='ltr'>infectione,</span> 
     </span>
     <span class='ocr_line' id='line_1_13' title="bbox 575 1659 1689 1746; baseline -0.003 -20"><span class='ocrx_word' id='word_1_148' title='bbox 575 1671 646 1726; x_wconf 91' lang='lat' dir='ltr'>ut</span> <span class='ocrx_word' id='word_1_149' title='bbox 686 1661 754 1724; x_wconf 88' lang='lat' dir='ltr'>in</span> <span class='ocrx_word' id='word_1_150' title='bbox 797 1681 926 1725; x_wconf 79' lang='lat' dir='ltr'>enw</span> <span class='ocrx_word' id='word_1_151' title='bbox 968 1661 1260 1746; x_wconf 83' lang='lat' dir='ltr'>(nomen3</span> <span class='ocrx_word' id='word_1_152' title='bbox 1304 1659 1434 1727; x_wconf 89' lang='lat' dir='ltr'>hib.</span> <span class='ocrx_word' id='word_1_153' title='bbox 1465 1659 1689 1744; x_wconf 70' lang='lat' dir='ltr'>aium).</span> 
     </span>
    </p>

    <p class='ocr_par' dir='ltr' id='par_1_4' title="bbox 575 1759 3519 2459">
     <span class='ocr_line' id='line_1_14' title="bbox 746 1759 3512 1848; baseline -0.001 -20"><span class='ocrx_word' id='word_1_154' title='bbox 746 1763 810 1828; x_wconf 89' lang='lat' dir='ltr'>A</span> <span class='ocrx_word' id='word_1_155' title='bbox 851 1761 1202 1828; x_wconf 86' lang='lat' dir='ltr'>terminalis</span> <span class='ocrx_word' id='word_1_156' title='bbox 1245 1763 1474 1828; x_wconf 83' lang='lat' dir='ltr'>rarior:</span> <span class='ocrx_word' id='word_1_157' title='bbox 1519 1763 1751 1828; x_wconf 88' lang='lat' dir='ltr'>cambr.</span> <span class='ocrx_word' id='word_1_158' title='bbox 1797 1781 1969 1826; x_wconf 88' lang='lat' dir='ltr'>corn.</span> <span class='ocrx_word' id='word_1_159' title='bbox 2018 1781 2205 1825; x_wconf 89' lang='lat' dir='ltr'>arem.</span> <span class='ocrx_word' id='word_1_160' title='bbox 2238 1759 2397 1825; x_wconf 77' lang='lat' dir='ltr'>bara</span> <span class='ocrx_word' id='word_1_161' title='bbox 2440 1759 2689 1847; x_wconf 85' lang='lat' dir='ltr'>(panis;</span> <span class='ocrx_word' id='word_1_162' title='bbox 2736 1783 2771 1826; x_wconf 92' lang='lat' dir='ltr'>e</span> <span class='ocrx_word' id='word_1_163' title='bbox 2804 1760 3051 1848; x_wconf 65' lang='lat' dir='ltr'>bar-aq?</span> <span class='ocrx_word' id='word_1_164' title='bbox 3092 1761 3171 1828; x_wconf 87' lang='lat' dir='ltr'>cf.</span> <span class='ocrx_word' id='word_1_165' title='bbox 3216 1763 3349 1828; x_wconf 89' lang='lat' dir='ltr'>hib.</span> <span class='ocrx_word' id='word_1_166' title='bbox 3384 1772 3512 1828; x_wconf 76' lang='lat' dir='ltr'>vet.</span> 
     </span>
     <span class='ocr_line' id='line_1_15' title="bbox 577 1859 3515 1951; baseline 0.001 -23"><span class='ocrx_word' id='word_1_167' title='bbox 577 1864 890 1951; x_wconf 73' lang='lat' dir='ltr'>bairyen);</span> <span class='ocrx_word' id='word_1_168' title='bbox 949 1864 1030 1928; x_wconf 84' lang='lat' dir='ltr'>cf.</span> <span class='ocrx_word' id='word_1_169' title='bbox 1075 1865 1308 1930; x_wconf 84' lang='lat' dir='ltr'>cambr.</span> <span class='ocrx_word' id='word_1_170' title='bbox 1351 1866 1486 1928; x_wconf 73' lang='lat' dir='ltr'>cira</span> <span class='ocrx_word' id='word_1_171' title='bbox 1529 1862 1702 1947; x_wconf 88' lang='lat' dir='ltr'>(nix)</span> <span class='ocrx_word' id='word_1_172' title='bbox 1757 1859 1931 1926; x_wconf 87' lang='lat' dir='ltr'>Mab.</span> <span class='ocrx_word' id='word_1_173' title='bbox 1980 1863 2033 1940; x_wconf 91' lang='lat'>1,</span> <span class='ocrx_word' id='word_1_174' title='bbox 2077 1861 2201 1924; x_wconf 88' lang='grc'>260</span> <span class='ocrx_word' id='word_1_175' title='bbox 2264 1870 2329 1926; x_wconf 92' lang='lat' dir='ltr'>et</span> <span class='ocrx_word' id='word_1_176' title='bbox 2369 1861 2587 1942; x_wconf 83' lang='lat' dir='ltr'>hodie3</span> <span class='ocrx_word' id='word_1_177' title='bbox 2650 1861 2767 1928; x_wconf 89' lang='lat' dir='ltr'>sed</span> <span class='ocrx_word' id='word_1_178' title='bbox 2812 1863 3000 1928; x_wconf 81' lang='lat' dir='ltr'>etiam</span> <span class='ocrx_word' id='word_1_179' title='bbox 3042 1865 3178 1949; x_wconf 66' lang='lat' dir='ltr'>ein-y</span> <span class='ocrx_word' id='word_1_180' title='bbox 3240 1863 3515 1948; x_wconf 79' lang='lat' dir='ltr'>(rariore</span> 
     </span>
     <span class='ocr_line' id='line_1_16' title="bbox 577 1962 3507 2052; baseline -0 -22"><span class='ocrx_word' id='word_1_181' title='bbox 577 1963 806 2050; x_wconf 84' lang='lat' dir='ltr'>forma)</span> <span class='ocrx_word' id='word_1_182' title='bbox 845 1967 1073 2046; x_wconf 67' lang='grc'>1,,257,</span> <span class='ocrx_word' id='word_1_183' title='bbox 1119 1964 1223 2030; x_wconf 90' lang='lat' dir='ltr'>cui</span> <span class='ocrx_word' id='word_1_184' title='bbox 1251 1964 1600 2052; x_wconf 81' lang='lat' dir='ltr'>respondet</span> <span class='ocrx_word' id='word_1_185' title='bbox 1641 1985 1812 2029; x_wconf 89' lang='lat' dir='ltr'>corn.</span> <span class='ocrx_word' id='word_1_186' title='bbox 1843 1963 1976 2025; x_wconf 78' lang='lat' dir='ltr'>irch</span> <span class='ocrx_word' id='word_1_187' title='bbox 2006 1962 2162 2027; x_wconf 93' lang='lat' dir='ltr'>Voc.</span> <span class='ocrx_word' id='word_1_188' title='bbox 2196 1964 2276 2042; x_wconf 64' lang='lat'>8³,</span> <span class='ocrx_word' id='word_1_189' title='bbox 2324 1985 2514 2028; x_wconf 88' lang='lat' dir='ltr'>arem.</span> <span class='ocrx_word' id='word_1_190' title='bbox 2547 1962 2689 2028; x_wconf 89' lang='lat' dir='ltr'>hod.</span> <span class='ocrx_word' id='word_1_191' title='bbox 2720 1962 2885 2028; x_wconf 67' lang='lat' dir='ltr'>erc&#39;lt</span> <span class='ocrx_word' id='word_1_192' title='bbox 2914 1965 3005 2051; x_wconf 89' lang='lat' dir='ltr'>(p.</span> <span class='ocrx_word' id='word_1_193' title='bbox 3044 1967 3218 2050; x_wconf 83' lang='lat'><strong>140).</strong></span> <span class='ocrx_word' id='word_1_194' title='bbox 3252 1967 3507 2030; x_wconf 78' lang='lat' dir='ltr'>cambr.</span> 
     </span>
     <span class='ocr_line' id='line_1_17' title="bbox 575 2063 3513 2152; baseline -0 -21"><span class='ocrx_word' id='word_1_195' title='bbox 575 2067 810 2152; x_wconf 81' lang='lat' dir='ltr'>clwppa</span> <span class='ocrx_word' id='word_1_196' title='bbox 845 2066 1090 2151; x_wconf 81' lang='lat' dir='ltr'>(clava)</span> <span class='ocrx_word' id='word_1_197' title='bbox 1131 2065 1308 2133; x_wconf 77' lang='lat' dir='ltr'><strong>Mab.</strong></span> <span class='ocrx_word' id='word_1_198' title='bbox 1341 2067 1399 2148; x_wconf 83' lang='lat'>2,</span> <span class='ocrx_word' id='word_1_199' title='bbox 1432 2067 1530 2132; x_wconf 87' lang='grc'>57.</span> <span class='ocrx_word' id='word_1_200' title='bbox 1577 2088 1749 2132; x_wconf 91' lang='lat' dir='ltr'>corn.</span> <span class='ocrx_word' id='word_1_201' title='bbox 1779 2086 1939 2149; x_wconf 83' lang='lat' dir='ltr'>capa</span> <span class='ocrx_word' id='word_1_202' title='bbox 1968 2063 2236 2150; x_wconf 83' lang='lat' dir='ltr'>(cappa)</span> <span class='ocrx_word' id='word_1_203' title='bbox 2267 2064 2423 2130; x_wconf 90' lang='lat' dir='ltr'>Voc.</span> <span class='ocrx_word' id='word_1_204' title='bbox 2458 2066 2538 2130; x_wconf 63' lang='lat'>9³.</span> <span class='ocrx_word' id='word_1_205' title='bbox 2596 2066 2793 2130; x_wconf 76' lang='lat' dir='ltr'>bruha</span> <span class='ocrx_word' id='word_1_206' title='bbox 2822 2066 3093 2151; x_wconf 83' lang='lat' dir='ltr'>(victus)</span> <span class='ocrx_word' id='word_1_207' title='bbox 3132 2069 3251 2134; x_wconf 89' lang='lat'><strong>10·.</strong></span> <span class='ocrx_word' id='word_1_208' title='bbox 3309 2090 3513 2132; x_wconf 74' lang='lat' dir='ltr'>corma</span> 
     </span>
     <span class='ocr_line' id='line_1_18' title="bbox 575 2165 3515 2257; baseline 0.001 -26"><span class='ocrx_word' id='word_1_209' title='bbox 575 2166 870 2255; x_wconf 88' lang='lat' dir='ltr'>(collum)</span> <span class='ocrx_word' id='word_1_210' title='bbox 931 2173 1012 2234; x_wconf 85' lang='grc'>7·.</span> <span class='ocrx_word' id='word_1_211' title='bbox 1080 2167 1160 2234; x_wconf 92' lang='grc' dir='ltr'>Ο.</span> <span class='ocrx_word' id='word_1_212' title='bbox 1207 2167 1393 2234; x_wconf 88' lang='grc'>2813.</span> <span class='ocrx_word' id='word_1_213' title='bbox 1454 2165 1529 2231; x_wconf 91' lang='lat' dir='ltr'>D.</span> <span class='ocrx_word' id='word_1_214' title='bbox 1574 2167 1738 2231; x_wconf 91' lang='grc'>2762</span> <span class='ocrx_word' id='word_1_215' title='bbox 1795 2195 1856 2220; x_wconf 84' lang='lat'><strong>=</strong></span> <span class='ocrx_word' id='word_1_216' title='bbox 1898 2187 2085 2230; x_wconf 71' lang='lat' dir='ltr'>conae</span> <span class='ocrx_word' id='word_1_217' title='bbox 2141 2165 2221 2230; x_wconf 93' lang='grc' dir='ltr'>Ο.</span> <span class='ocrx_word' id='word_1_218' title='bbox 2262 2167 2461 2248; x_wconf 90' lang='grc'>2184;</span> <span class='ocrx_word' id='word_1_219' title='bbox 2527 2178 2927 2255; x_wconf 75' lang='lat' dir='ltr'>transumpta</span> <span class='ocrx_word' id='word_1_220' title='bbox 2974 2169 3145 2232; x_wconf 67' lang='lat' dir='ltr'>scala</span> <span class='ocrx_word' id='word_1_221' title='bbox 3200 2169 3515 2257; x_wconf 84' lang='lat' dir='ltr'>(patera),</span> 
     </span>
     <span class='ocr_line' id='line_1_19' title="bbox 577 2265 3519 2358; baseline 0.001 -26"><span class='ocrx_word' id='word_1_222' title='bbox 577 2268 785 2334; x_wconf 79' lang='lat' dir='ltr'>kanna</span> <span class='ocrx_word' id='word_1_223' title='bbox 828 2271 1161 2358; x_wconf 80' lang='lat' dir='ltr'>(lagoena)</span> <span class='ocrx_word' id='word_1_224' title='bbox 1211 2272 1362 2338; x_wconf 92' lang='lat' dir='ltr'>Voc.</span> <span class='ocrx_word' id='word_1_225' title='bbox 1397 2271 1515 2334; x_wconf 86' lang='lat'><strong>10·.</strong></span> <span class='ocrx_word' id='word_1_226' title='bbox 1603 2267 1680 2332; x_wconf 89' lang='lat' dir='ltr'>In</span> <span class='ocrx_word' id='word_1_227' title='bbox 1725 2267 1850 2332; x_wconf 83' lang='lat' dir='ltr'>adi.</span> <span class='ocrx_word' id='word_1_228' title='bbox 1896 2269 2129 2334; x_wconf 86' lang='lat' dir='ltr'>cambr.</span> <span class='ocrx_word' id='word_1_229' title='bbox 2162 2269 2341 2332; x_wconf 74' lang='lat' dir='ltr'>traha</span> <span class='ocrx_word' id='word_1_230' title='bbox 2386 2268 2625 2354; x_wconf 87' lang='lat' dir='ltr'>(fortis,</span> <span class='ocrx_word' id='word_1_231' title='bbox 2672 2271 2911 2348; x_wconf 79' lang='lat' dir='ltr'>audax3</span> <span class='ocrx_word' id='word_1_232' title='bbox 2958 2294 3048 2356; x_wconf 84' lang='lat' dir='ltr'>gr.</span> <span class='ocrx_word' id='word_1_233' title='bbox 3088 2265 3391 2353; x_wconf 64' lang='grc' dir='ltr'>θρασέςὶ)</span> <span class='ocrx_word' id='word_1_234' title='bbox 3450 2294 3519 2357; x_wconf 88' lang='lat' dir='ltr'>p.</span> 
     </span>
     <span class='ocr_line' id='line_1_20' title="bbox 582 2367 1840 2459; baseline -0.002 -23"><span class='ocrx_word' id='word_1_235' title='bbox 582 2369 712 2456; x_wconf 84' lang='lat'>37),</span> <span class='ocrx_word' id='word_1_236' title='bbox 760 2373 1034 2440; x_wconf 74' lang='lat' dir='ltr'>didraha</span> <span class='ocrx_word' id='word_1_237' title='bbox 1076 2373 1320 2459; x_wconf 84' lang='lat' dir='ltr'>(animo</span> <span class='ocrx_word' id='word_1_238' title='bbox 1366 2368 1623 2453; x_wconf 79' lang='lat' dir='ltr'>carens)</span> <span class='ocrx_word' id='word_1_239' title='bbox 1665 2367 1840 2434; x_wconf 76' lang='lat' dir='ltr'><strong>Mab.</strong></span> 
     </span>
    </p>

    <p class='ocr_par' dir='ltr' id='par_1_5' title="bbox 575 2471 3525 2864">
     <span class='ocr_line' id='line_1_21' title="bbox 741 2471 3519 2562; baseline -0 -23"><span class='ocrx_word' id='word_1_240' title='bbox 741 2473 802 2539; x_wconf 87' lang='lat' dir='ltr'>N</span> <span class='ocrx_word' id='word_1_241' title='bbox 806 2495 881 2539; x_wconf 90' lang='lat' dir='ltr'>ec</span> <span class='ocrx_word' id='word_1_242' title='bbox 907 2474 1298 2562; x_wconf 83' lang='lat' dir='ltr'>frequentior</span> <span class='ocrx_word' id='word_1_243' title='bbox 1325 2471 1385 2538; x_wconf 92' lang='lat' dir='ltr'><strong>E</strong></span> <span class='ocrx_word' id='word_1_244' title='bbox 1431 2479 1726 2556; x_wconf 85' lang='lat' dir='ltr'>correpta</span> <span class='ocrx_word' id='word_1_245' title='bbox 1765 2471 1999 2552; x_wconf 78' lang='lat' dir='ltr'>finalis,</span> <span class='ocrx_word' id='word_1_246' title='bbox 2043 2472 2365 2538; x_wconf 73' lang='lat' dir='ltr'>alternans</span> <span class='ocrx_word' id='word_1_247' title='bbox 2410 2471 2723 2538; x_wconf 89' lang='lat' dir='ltr'>interdum</span> <span class='ocrx_word' id='word_1_248' title='bbox 2768 2495 2899 2538; x_wconf 91' lang='lat' dir='ltr'>non</span> <span class='ocrx_word' id='word_1_249' title='bbox 2930 2473 3141 2540; x_wconf 87' lang='lat' dir='ltr'>solum</span> <span class='ocrx_word' id='word_1_250' title='bbox 3186 2495 3329 2540; x_wconf 87' lang='lat' dir='ltr'>cum</span> <span class='ocrx_word' id='word_1_251' title='bbox 3362 2473 3519 2538; x_wconf 78' lang='lat' dir='ltr'>aliis</span> 
     </span>
     <span class='ocr_line' id='line_1_22' title="bbox 575 2572 3524 2662; baseline 0 -24"><span class='ocrx_word' id='word_1_252' title='bbox 575 2572 905 2640; x_wconf 83' lang='lat' dir='ltr'>vocalibus</span> <span class='ocrx_word' id='word_1_253' title='bbox 953 2576 1066 2642; x_wconf 91' lang='lat' dir='ltr'>sed</span> <span class='ocrx_word' id='word_1_254' title='bbox 1097 2575 1286 2642; x_wconf 86' lang='lat' dir='ltr'>etiam</span> <span class='ocrx_word' id='word_1_255' title='bbox 1330 2573 1582 2639; x_wconf 82' lang='lat' dir='ltr'>abiecta</span> <span class='ocrx_word' id='word_1_256' title='bbox 1621 2572 1770 2658; x_wconf 82' lang='lat' dir='ltr'>ipsa</span> <span class='ocrx_word' id='word_1_257' title='bbox 1807 2582 1919 2636; x_wconf 84' lang='lat' dir='ltr'>aut</span> <span class='ocrx_word' id='word_1_258' title='bbox 1948 2581 2199 2638; x_wconf 79' lang='lat' dir='ltr'>servata</span> <span class='ocrx_word' id='word_1_259' title='bbox 2226 2595 2513 2639; x_wconf 83' lang='lat' dir='ltr'>consona</span> <span class='ocrx_word' id='word_1_260' title='bbox 2552 2573 2871 2640; x_wconf 83' lang='lat' dir='ltr'>terminali</span> <span class='ocrx_word' id='word_1_261' title='bbox 2916 2577 3171 2642; x_wconf 78' lang='lat' dir='ltr'>varians</span> <span class='ocrx_word' id='word_1_262' title='bbox 3215 2597 3333 2662; x_wconf 87' lang='lat' dir='ltr'>per</span> <span class='ocrx_word' id='word_1_263' title='bbox 3376 2574 3524 2640; x_wconf 75' lang='lat' dir='ltr'>dia-</span> 
     </span>
     <span class='ocr_line' id='line_1_23' title="bbox 575 2671 3525 2760; baseline 0.001 -20"><span class='ocrx_word' id='word_1_264' title='bbox 575 2675 816 2741; x_wconf 86' lang='lat' dir='ltr'>lectos:</span> <span class='ocrx_word' id='word_1_265' title='bbox 863 2677 1094 2741; x_wconf 79' lang='lat' dir='ltr'>cambr.</span> <span class='ocrx_word' id='word_1_266' title='bbox 1127 2677 1284 2757; x_wconf 77' lang='lat' dir='ltr'>cale,</span> <span class='ocrx_word' id='word_1_267' title='bbox 1323 2675 1483 2751; x_wconf 81' lang='lat' dir='ltr'>cala,</span> <span class='ocrx_word' id='word_1_268' title='bbox 1526 2672 1666 2758; x_wconf 65' lang='grc' dir='ltr'>σαν-13]</span> <span class='ocrx_word' id='word_1_269' title='bbox 1694 2671 1945 2759; x_wconf 84' lang='lat' dir='ltr'>(penis)</span> <span class='ocrx_word' id='word_1_270' title='bbox 1986 2673 2145 2760; x_wconf 84' lang='lat' dir='ltr'>Leg.</span> <span class='ocrx_word' id='word_1_271' title='bbox 2179 2675 2237 2755; x_wconf 92' lang='grc'>2,</span> <span class='ocrx_word' id='word_1_272' title='bbox 2266 2677 2320 2755; x_wconf 93' lang='grc'>1,</span> <span class='ocrx_word' id='word_1_273' title='bbox 2356 2676 2456 2741; x_wconf 93' lang='grc'>27.</span> <span class='ocrx_word' id='word_1_274' title='bbox 2490 2677 2591 2741; x_wconf 84' lang='grc'>36.</span> <span class='ocrx_word' id='word_1_275' title='bbox 2624 2678 2747 2758; x_wconf 83' lang='grc'>67,</span> <span class='ocrx_word' id='word_1_276' title='bbox 2773 2677 2887 2744; x_wconf 86' lang='lat' dir='ltr'>sed</span> <span class='ocrx_word' id='word_1_277' title='bbox 2932 2701 3121 2745; x_wconf 80' lang='lat' dir='ltr'>arem.</span> <span class='ocrx_word' id='word_1_278' title='bbox 3152 2677 3329 2742; x_wconf 69' lang='lat' dir='ltr'>caleh</span> <span class='ocrx_word' id='word_1_279' title='bbox 3370 2675 3525 2760; x_wconf 77' lang='lat' dir='ltr'>(ve-</span> 
     </span>
     <span class='ocr_line' id='line_1_24' title="bbox 575 2772 3523 2864; baseline 0 -24"><span class='ocrx_word' id='word_1_280' title='bbox 575 2776 842 2859; x_wconf 85' lang='lat' dir='ltr'>retrum)</span> <span class='ocrx_word' id='word_1_281' title='bbox 875 2775 1059 2842; x_wconf 82' lang='lat' dir='ltr'>Oath.</span> <span class='ocrx_word' id='word_1_282' title='bbox 1133 2778 1369 2845; x_wconf 86' lang='lat' dir='ltr'>cambr.</span> <span class='ocrx_word' id='word_1_283' title='bbox 1401 2797 1598 2842; x_wconf 72' lang='lat' dir='ltr'>came</span> <span class='ocrx_word' id='word_1_284' title='bbox 1627 2775 1907 2860; x_wconf 84' lang='lat' dir='ltr'>(tunica)</span> <span class='ocrx_word' id='word_1_285' title='bbox 1936 2772 2110 2841; x_wconf 84' lang='lat' dir='ltr'>Mab.</span> <span class='ocrx_word' id='word_1_286' title='bbox 2144 2777 2202 2855; x_wconf 88' lang='grc'>2,</span> <span class='ocrx_word' id='word_1_287' title='bbox 2236 2777 2377 2858; x_wconf 90' lang='grc'>218,</span> <span class='ocrx_word' id='word_1_288' title='bbox 2425 2776 2539 2842; x_wconf 87' lang='lat' dir='ltr'>sed</span> <span class='ocrx_word' id='word_1_289' title='bbox 2584 2799 2757 2844; x_wconf 87' lang='lat' dir='ltr'>corn.</span> <span class='ocrx_word' id='word_1_290' title='bbox 2788 2801 2957 2844; x_wconf 71' lang='lat' dir='ltr'>cama</span> <span class='ocrx_word' id='word_1_291' title='bbox 2985 2779 3195 2864; x_wconf 86' lang='lat' dir='ltr'>(alba)</span> <span class='ocrx_word' id='word_1_292' title='bbox 3238 2777 3403 2845; x_wconf 87' lang='lat' dir='ltr'>Voc.</span> <span class='ocrx_word' id='word_1_293' title='bbox 3430 2779 3523 2859; x_wconf 68' lang='lat'>9⁶,</span> 
     </span>
    </p>
   </div>
   <div class='ocr_carea' id='block_1_3' title="bbox 577 2874 3672 2982">
    <p class='ocr_par' dir='ltr' id='par_1_6' title="bbox 577 2874 3672 2982">
     <span class='ocr_line' id='line_1_25' title="bbox 577 2874 3672 2982; baseline 0.001 -39"><span class='ocrx_word' id='word_1_294' title='bbox 577 2899 770 2943; x_wconf 87' lang='lat' dir='ltr'>arem.</span> <span class='ocrx_word' id='word_1_295' title='bbox 807 2899 1016 2964; x_wconf 65' lang='lat' dir='ltr'>campe</span> <span class='ocrx_word' id='word_1_296' title='bbox 1047 2877 1231 2944; x_wconf 84' lang='lat' dir='ltr'>Oath.</span> <span class='ocrx_word' id='word_1_297' title='bbox 1285 2899 1458 2944; x_wconf 90' lang='lat' dir='ltr'>corn.</span> <span class='ocrx_word' id='word_1_298' title='bbox 1493 2877 1691 2944; x_wconf 74' lang='lat' dir='ltr'>banne</span> <span class='ocrx_word' id='word_1_299' title='bbox 1719 2874 1959 2962; x_wconf 78' lang='lat' dir='ltr'>(gutta)</span> <span class='ocrx_word' id='word_1_300' title='bbox 1988 2877 2147 2944; x_wconf 91' lang='lat' dir='ltr'>Voc.</span> <span class='ocrx_word' id='word_1_301' title='bbox 2174 2877 2253 2957; x_wconf 71' lang='lat'>9⁸,</span> <span class='ocrx_word' id='word_1_302' title='bbox 2300 2877 2509 2942; x_wconf 72' lang='lat' dir='ltr'>barma</span> <span class='ocrx_word' id='word_1_303' title='bbox 2536 2877 2611 2944; x_wconf 90' lang='lat' dir='ltr'>P.</span> <span class='ocrx_word' id='word_1_304' title='bbox 2659 2879 2771 2963; x_wconf 83' lang='lat' dir='ltr'>(cf.</span> <span class='ocrx_word' id='word_1_305' title='bbox 2802 2888 2867 2965; x_wconf 87' lang='lat' dir='ltr'>p.</span> <span class='ocrx_word' id='word_1_306' title='bbox 2899 2878 3075 2963; x_wconf 85' lang='grc'>754),</span> <span class='ocrx_word' id='word_1_307' title='bbox 3120 2903 3312 2947; x_wconf 81' lang='lat' dir='ltr'>arem.</span> <span class='ocrx_word' id='word_1_308' title='bbox 3360 2881 3527 2946; x_wconf 75' lang='lat' dir='ltr'>han-</span> <span class='ocrx_word' id='word_1_309' title='bbox 3670 2973 3672 2982; x_wconf 20' lang='lat'>4</span> 
     </span>
    </p>
   </div>
   <div class='ocr_carea' id='block_1_4' title="bbox 575 2977 3527 3775">
    <p class='ocr_par' dir='ltr' id='par_1_7' title="bbox 575 2977 3527 3673">
     <span class='ocr_line' id='line_1_26' title="bbox 575 2977 3523 3066; baseline 0.001 -21"><span class='ocrx_word' id='word_1_310' title='bbox 575 2981 724 3045; x_wconf 71' lang='lat' dir='ltr'>necle.</span> <span class='ocrx_word' id='word_1_311' title='bbox 767 2978 952 3047; x_wconf 83' lang='lat' dir='ltr'>Gath.</span> <span class='ocrx_word' id='word_1_312' title='bbox 1011 2978 1176 3045; x_wconf 89' lang='lat' dir='ltr'>Buh.</span> <span class='ocrx_word' id='word_1_313' title='bbox 1212 2981 1350 3060; x_wconf 91' lang='lat'>100,</span> <span class='ocrx_word' id='word_1_314' title='bbox 1389 2980 1484 3044; x_wconf 91' lang='grc'>12.</span> <span class='ocrx_word' id='word_1_315' title='bbox 1527 2977 1664 3046; x_wconf 85' lang='lat' dir='ltr'>MJ.</span> <span class='ocrx_word' id='word_1_316' title='bbox 1716 2981 1836 3043; x_wconf 85' lang='lat'>144</span> <span class='ocrx_word' id='word_1_317' title='bbox 1848 2979 1909 3044; x_wconf 84' lang='lat' dir='ltr'>b.</span> <span class='ocrx_word' id='word_1_318' title='bbox 1968 2978 2261 3063; x_wconf 66' lang='lat' dir='ltr'>(hanbach</span> <span class='ocrx_word' id='word_1_319' title='bbox 2314 2979 2774 3046; x_wconf 85' lang='lat' dir='ltr'>restituendum</span> <span class='ocrx_word' id='word_1_320' title='bbox 2814 2981 2953 3047; x_wconf 88' lang='lat' dir='ltr'>MJ.</span> <span class='ocrx_word' id='word_1_321' title='bbox 2984 2983 3105 3048; x_wconf 91' lang='grc'>201</span> <span class='ocrx_word' id='word_1_322' title='bbox 3127 2981 3227 3066; x_wconf 82' lang='lat' dir='ltr'>a),</span> <span class='ocrx_word' id='word_1_323' title='bbox 3288 2981 3523 3063; x_wconf 72' lang='lat' dir='ltr'>banne,</span> 
     </span>
     <span class='ocr_line' id='line_1_27' title="bbox 583 3077 3525 3163; baseline 0.001 -19"><span class='ocrx_word' id='word_1_324' title='bbox 583 3079 874 3145; x_wconf 75' lang='lat' dir='ltr'>bannec‘k</span> <span class='ocrx_word' id='word_1_325' title='bbox 917 3078 1093 3146; x_wconf 83' lang='lat' dir='ltr'>Man.</span> <span class='ocrx_word' id='word_1_326' title='bbox 1112 3131 1130 3163; x_wconf 89' lang='lat'>,</span> <span class='ocrx_word' id='word_1_327' title='bbox 1175 3081 1322 3146; x_wconf 89' lang='lat' dir='ltr'>hod.</span> <span class='ocrx_word' id='word_1_328' title='bbox 1355 3080 1579 3155; x_wconf 77' lang='lat' dir='ltr'>banne,</span> <span class='ocrx_word' id='word_1_329' title='bbox 1639 3077 1753 3146; x_wconf 85' lang='lat' dir='ltr'>sed</span> <span class='ocrx_word' id='word_1_330' title='bbox 1795 3089 1949 3144; x_wconf 90' lang='lat' dir='ltr'>trec.</span> <span class='ocrx_word' id='word_1_331' title='bbox 1996 3077 2283 3144; x_wconf 73' lang='lat' dir='ltr'>bannec’h</span> <span class='ocrx_word' id='word_1_332' title='bbox 2300 3129 2319 3163; x_wconf 88' lang='lat'>,</span> <span class='ocrx_word' id='word_1_333' title='bbox 2368 3103 2509 3146; x_wconf 80' lang='lat' dir='ltr'>ven.</span> <span class='ocrx_word' id='word_1_334' title='bbox 2556 3081 2801 3146; x_wconf 73' lang='lat' dir='ltr'>bannale</span> <span class='ocrx_word' id='word_1_335' title='bbox 2846 3105 3043 3148; x_wconf 86' lang='lat' dir='ltr'>masc.</span> <span class='ocrx_word' id='word_1_336' title='bbox 3132 3081 3232 3150; x_wconf 83' lang='lat' dir='ltr'>Gf.</span> <span class='ocrx_word' id='word_1_337' title='bbox 3274 3086 3525 3150; x_wconf 82' lang='lat' dir='ltr'>cambr.</span> 
     </span>
     <span class='ocr_line' id='line_1_28' title="bbox 588 3180 3525 3273; baseline 0.002 -28"><span class='ocrx_word' id='word_1_338' title='bbox 588 3183 699 3246; x_wconf 81' lang='lat' dir='ltr'>doe</span> <span class='ocrx_word' id='word_1_339' title='bbox 742 3180 944 3267; x_wconf 87' lang='lat' dir='ltr'>(heri)</span> <span class='ocrx_word' id='word_1_340' title='bbox 986 3180 1162 3249; x_wconf 79' lang='lat' dir='ltr'><strong>Mab.</strong></span> <span class='ocrx_word' id='word_1_341' title='bbox 1199 3187 1254 3263; x_wconf 93' lang='lat'>1,</span> <span class='ocrx_word' id='word_1_342' title='bbox 1292 3185 1389 3247; x_wconf 92' lang='grc'>17.</span> <span class='ocrx_word' id='word_1_343' title='bbox 1419 3183 1521 3245; x_wconf 86' lang='grc'>23.</span> <span class='ocrx_word' id='word_1_344' title='bbox 1555 3181 1636 3246; x_wconf 83' lang='lat'>33</span> <span class='ocrx_word' id='word_1_345' title='bbox 1682 3191 1746 3246; x_wconf 89' lang='lat' dir='ltr'>et</span> <span class='ocrx_word' id='word_1_346' title='bbox 1787 3181 1997 3261; x_wconf 88' lang='lat' dir='ltr'>hodie,</span> <span class='ocrx_word' id='word_1_347' title='bbox 2043 3202 2213 3246; x_wconf 88' lang='lat' dir='ltr'>corn.</span> <span class='ocrx_word' id='word_1_348' title='bbox 2247 3183 2367 3266; x_wconf 72' lang='lat' dir='ltr'>day</span> <span class='ocrx_word' id='word_1_349' title='bbox 2409 3181 2566 3273; x_wconf 85' lang='lat' dir='ltr'>Voc.</span> <span class='ocrx_word' id='word_1_350' title='bbox 2596 3183 2677 3262; x_wconf 72' lang='lat'>8⁸,</span> <span class='ocrx_word' id='word_1_351' title='bbox 2724 3184 2841 3250; x_wconf 87' lang='lat' dir='ltr'>sed</span> <span class='ocrx_word' id='word_1_352' title='bbox 2886 3207 3075 3250; x_wconf 86' lang='lat' dir='ltr'>arem.</span> <span class='ocrx_word' id='word_1_353' title='bbox 3108 3186 3257 3248; x_wconf 69' lang='lat' dir='ltr'>decb</span> <span class='ocrx_word' id='word_1_354' title='bbox 3303 3184 3525 3266; x_wconf 60' lang='lat' dir='ltr'>Ceth,</span> 
     </span>
     <span class='ocr_line' id='line_1_29' title="bbox 581 3281 3523 3372; baseline 0.001 -24"><span class='ocrx_word' id='word_1_355' title='bbox 581 3284 726 3350; x_wconf 89' lang='lat' dir='ltr'>hod.</span> <span class='ocrx_word' id='word_1_356' title='bbox 772 3284 970 3366; x_wconf 77' lang='lat' dir='ltr'>dec’h,</span> <span class='ocrx_word' id='word_1_357' title='bbox 1015 3282 1244 3348; x_wconf 75' lang='lat' dir='ltr'>deac’k.</span> <span class='ocrx_word' id='word_1_358' title='bbox 1341 3281 1422 3346; x_wconf 92' lang='lat' dir='ltr'>In</span> <span class='ocrx_word' id='word_1_359' title='bbox 1466 3283 1614 3348; x_wconf 82' lang='lat' dir='ltr'>aliis</span> <span class='ocrx_word' id='word_1_360' title='bbox 1668 3293 1778 3346; x_wconf 87' lang='lat' dir='ltr'>aut</span> <span class='ocrx_word' id='word_1_361' title='bbox 1802 3282 1844 3365; x_wconf 86' lang='lat' dir='ltr'><strong><em>j</em></strong></span> <span class='ocrx_word' id='word_1_362' title='bbox 1884 3282 2136 3348; x_wconf 82' lang='lat' dir='ltr'>abiecta</span> <span class='ocrx_word' id='word_1_363' title='bbox 2176 3282 2451 3364; x_wconf 81' lang='lat' dir='ltr'>videtur,</span> <span class='ocrx_word' id='word_1_364' title='bbox 2509 3295 2577 3346; x_wconf 87' lang='lat' dir='ltr'>ut</span> <span class='ocrx_word' id='word_1_365' title='bbox 2616 3283 2684 3347; x_wconf 90' lang='lat' dir='ltr'>in</span> <span class='ocrx_word' id='word_1_366' title='bbox 2718 3287 2963 3351; x_wconf 70' lang='lat' dir='ltr'>cambr.</span> <span class='ocrx_word' id='word_1_367' title='bbox 3004 3307 3214 3372; x_wconf 74' lang='lat' dir='ltr'>qware</span> <span class='ocrx_word' id='word_1_368' title='bbox 3256 3286 3523 3370; x_wconf 63' lang='lat' dir='ltr'>(ludum</span> 
     </span>
     <span class='ocr_line' id='line_1_30' title="bbox 579 3383 3526 3472; baseline 0.001 -24"><span class='ocrx_word' id='word_1_369' title='bbox 579 3408 656 3448; x_wconf 78' lang='lat' dir='ltr'>ar</span> <span class='ocrx_word' id='word_1_370' title='bbox 694 3405 905 3471; x_wconf 73' lang='lat' dir='ltr'>yware</span> <span class='ocrx_word' id='word_1_371' title='bbox 946 3385 1186 3449; x_wconf 75' lang='lat' dir='ltr'>hwnnw</span> <span class='ocrx_word' id='word_1_372' title='bbox 1233 3384 1458 3469; x_wconf 83' lang='lat' dir='ltr'>masc.)</span> <span class='ocrx_word' id='word_1_373' title='bbox 1501 3383 1677 3448; x_wconf 77' lang='lat' dir='ltr'>Mab.</span> <span class='ocrx_word' id='word_1_374' title='bbox 1711 3385 1769 3463; x_wconf 91' lang='grc'>2,</span> <span class='ocrx_word' id='word_1_375' title='bbox 1801 3385 1905 3464; x_wconf 85' lang='grc'>63,</span> <span class='ocrx_word' id='word_1_376' title='bbox 1955 3405 2125 3449; x_wconf 87' lang='lat' dir='ltr'>corn.</span> <span class='ocrx_word' id='word_1_377' title='bbox 2158 3405 2300 3447; x_wconf 79' lang='lat' dir='ltr'>eure</span> <span class='ocrx_word' id='word_1_378' title='bbox 2342 3383 2665 3469; x_wconf 76' lang='lat' dir='ltr'>(aurifex),</span> <span class='ocrx_word' id='word_1_379' title='bbox 2710 3386 2856 3450; x_wconf 79' lang='lat' dir='ltr'>idne</span> <span class='ocrx_word' id='word_1_380' title='bbox 2898 3386 3198 3472; x_wconf 86' lang='lat' dir='ltr'>(auceps)</span> <span class='ocrx_word' id='word_1_381' title='bbox 3244 3386 3413 3454; x_wconf 88' lang='lat' dir='ltr'>Voc.</span> <span class='ocrx_word' id='word_1_382' title='bbox 3442 3391 3526 3467; x_wconf 70' lang='lat'>7⁵,</span> 
     </span>
     <span class='ocr_line' id='line_1_31' title="bbox 579 3484 3527 3575; baseline 0.001 -25"><span class='ocrx_word' id='word_1_383' title='bbox 579 3495 692 3551; x_wconf 84' lang='lat' dir='ltr'>aut</span> <span class='ocrx_word' id='word_1_384' title='bbox 731 3510 798 3550; x_wconf 81' lang='lat' dir='ltr'>v:</span> <span class='ocrx_word' id='word_1_385' title='bbox 848 3486 1086 3552; x_wconf 85' lang='lat' dir='ltr'>cambr.</span> <span class='ocrx_word' id='word_1_386' title='bbox 1119 3485 1257 3549; x_wconf 84' lang='lat' dir='ltr'>bore</span> <span class='ocrx_word' id='word_1_387' title='bbox 1301 3485 1547 3570; x_wconf 86' lang='lat' dir='ltr'>(mane)</span> <span class='ocrx_word' id='word_1_388' title='bbox 1590 3485 1764 3552; x_wconf 89' lang='lat' dir='ltr'>Mab.</span> <span class='ocrx_word' id='word_1_389' title='bbox 1802 3488 1856 3566; x_wconf 87' lang='lat'>1,</span> <span class='ocrx_word' id='word_1_390' title='bbox 1888 3487 1949 3549; x_wconf 89' lang='lat'>6.</span> <span class='ocrx_word' id='word_1_391' title='bbox 1996 3484 2180 3550; x_wconf 72' lang='lat' dir='ltr'>boren</span> <span class='ocrx_word' id='word_1_392' title='bbox 2222 3486 2281 3565; x_wconf 93' lang='grc'>2,</span> <span class='ocrx_word' id='word_1_393' title='bbox 2314 3486 2465 3566; x_wconf 70' lang='grc'>242,</span> <span class='ocrx_word' id='word_1_394' title='bbox 2510 3485 2703 3552; x_wconf 88' lang='lat' dir='ltr'>hodie</span> <span class='ocrx_word' id='word_1_395' title='bbox 2746 3489 3045 3554; x_wconf 85' lang='lat' dir='ltr'>usitatius</span> <span class='ocrx_word' id='word_1_396' title='bbox 3091 3487 3297 3570; x_wconf 71' lang='lat' dir='ltr'>boren,</span> <span class='ocrx_word' id='word_1_397' title='bbox 3338 3491 3527 3575; x_wconf 58' lang='grc' dir='ltr'><strong><em>μοῖρα</em></strong></span> 
     </span>
     <span class='ocr_line' id='line_1_32' title="bbox 579 3585 1879 3673; baseline 0 -22"><span class='ocrx_word' id='word_1_398' title='bbox 579 3585 858 3670; x_wconf 89' lang='lat' dir='ltr'>(lumen)</span> <span class='ocrx_word' id='word_1_399' title='bbox 915 3609 1102 3673; x_wconf 89' lang='lat' dir='ltr'>quam</span> <span class='ocrx_word' id='word_1_400' title='bbox 1147 3586 1302 3668; x_wconf 84' lang='lat' dir='ltr'>bore,</span> <span class='ocrx_word' id='word_1_401' title='bbox 1344 3588 1494 3673; x_wconf 74' lang='lat' dir='ltr'>yole.</span> <span class='ocrx_word' id='word_1_402' title='bbox 1866 3593 1879 3602; x_wconf 83' lang='lat'><strong>&#39;</strong></span> 
     </span>
    </p>

    <p class='ocr_par' dir='ltr' id='par_1_8' title="bbox 751 3687 3523 3775">
     <span class='ocr_line' id='line_1_33' title="bbox 751 3687 3523 3775; baseline 0 -21"><span class='ocrx_word' id='word_1_403' title='bbox 751 3688 809 3754; x_wconf 93' lang='grc' dir='ltr'>Ε</span> <span class='ocrx_word' id='word_1_404' title='bbox 854 3689 1202 3775; x_wconf 87' lang='lat' dir='ltr'>productae</span> <span class='ocrx_word' id='word_1_405' title='bbox 1241 3687 1454 3754; x_wconf 81' lang='lat' dir='ltr'>finalis</span> <span class='ocrx_word' id='word_1_406' title='bbox 1499 3689 1902 3756; x_wconf 86' lang='lat' dir='ltr'>cambrica</span> <span class='ocrx_word' id='word_1_407' title='bbox 1954 3689 2247 3774; x_wconf 82' lang='lat' dir='ltr'>exempla</span> <span class='ocrx_word' id='word_1_408' title='bbox 2300 3687 2674 3754; x_wconf 75' lang='lat' dir='ltr'>alternantis</span> <span class='ocrx_word' id='word_1_409' title='bbox 2728 3711 2871 3755; x_wconf 88' lang='lat' dir='ltr'>cum</span> <span class='ocrx_word' id='word_1_410' title='bbox 2914 3691 2988 3753; x_wconf 77' lang='lat' dir='ltr'>ui</span> <span class='ocrx_word' id='word_1_411' title='bbox 3024 3689 3095 3754; x_wconf 88' lang='lat' dir='ltr'>in</span> <span class='ocrx_word' id='word_1_412' title='bbox 3135 3687 3523 3757; x_wconf 87' lang='lat' dir='ltr'>nominibus</span> 
     </span>
    </p>
   </div>
   <div class='ocr_carea' id='block_1_5' title="bbox 577 3770 3672 4080">
    <p class='ocr_par' dir='ltr' id='par_1_9' title="bbox 577 3770 3672 4080">
     <span class='ocr_line' id='line_1_34' title="bbox 577 3770 3672 3884; baseline 0.002 -31"><span class='ocrx_word' id='word_1_413' title='bbox 577 3789 848 3854; x_wconf 79' lang='lat' dir='ltr'>vetustis</span> <span class='ocrx_word' id='word_1_414' title='bbox 891 3789 1016 3854; x_wconf 83' lang='lat' dir='ltr'>iam</span> <span class='ocrx_word' id='word_1_415' title='bbox 1061 3792 1181 3857; x_wconf 89' lang='lat' dir='ltr'>sub</span> <span class='ocrx_word' id='word_1_416' title='bbox 1224 3770 1282 3854; x_wconf 76' lang='grc' dir='ltr'>Ε</span> <span class='ocrx_word' id='word_1_417' title='bbox 1329 3789 1648 3856; x_wconf 85' lang='lat' dir='ltr'>cambrica</span> <span class='ocrx_word' id='word_1_418' title='bbox 1689 3799 2057 3856; x_wconf 86' lang='lat' dir='ltr'>enumerata</span> <span class='ocrx_word' id='word_1_419' title='bbox 2098 3800 2247 3856; x_wconf 87' lang='lat' dir='ltr'>sunt</span> <span class='ocrx_word' id='word_1_420' title='bbox 2286 3789 2380 3876; x_wconf 90' lang='lat' dir='ltr'>(p.</span> <span class='ocrx_word' id='word_1_421' title='bbox 2412 3789 2545 3873; x_wconf 88' lang='lat'><strong>96).</strong></span> <span class='ocrx_word' id='word_1_422' title='bbox 2646 3789 2801 3856; x_wconf 80' lang='lat' dir='ltr'>Alia</span> <span class='ocrx_word' id='word_1_423' title='bbox 2850 3790 3113 3856; x_wconf 83' lang='lat' dir='ltr'>nomina</span> <span class='ocrx_word' id='word_1_424' title='bbox 3152 3791 3531 3860; x_wconf 79' lang='lat' dir='ltr'>desinentia</span> <span class='ocrx_word' id='word_1_425' title='bbox 3671 3815 3672 3884; x_wconf 70' lang='lat' dir='ltr'>f</span> 
     </span>
     <span class='ocr_line' id='line_1_35' title="bbox 578 3884 3672 3980; baseline 0.002 -26"><span class='ocrx_word' id='word_1_426' title='bbox 578 3891 648 3954; x_wconf 91' lang='lat' dir='ltr'>in</span> <span class='ocrx_word' id='word_1_427' title='bbox 692 3894 770 3970; x_wconf 81' lang='lat' dir='ltr'>oi,</span> <span class='ocrx_word' id='word_1_428' title='bbox 817 3911 910 3972; x_wconf 83' lang='lat' dir='ltr'>oe,</span> <span class='ocrx_word' id='word_1_429' title='bbox 956 3893 1060 3971; x_wconf 77' lang='lat' dir='ltr'>ui,</span> <span class='ocrx_word' id='word_1_430' title='bbox 1101 3913 1196 3977; x_wconf 58' lang='lat' dir='ltr'>ugq</span> <span class='ocrx_word' id='word_1_431' title='bbox 1239 3884 1335 3975; x_wconf 88' lang='lat'>(---</span> <span class='ocrx_word' id='word_1_432' title='bbox 1363 3892 1454 3980; x_wconf 69' lang='lat' dir='ltr'>e⁴):</span> <span class='ocrx_word' id='word_1_433' title='bbox 1525 3891 1981 3974; x_wconf 63' lang='lat' dir='ltr'>(Lannfli-mm&#39;,</span> <span class='ocrx_word' id='word_1_434' title='bbox 2038 3890 2482 3972; x_wconf 58' lang='lat' dir='ltr'>(Lamobedui</span> <span class='ocrx_word' id='word_1_435' title='bbox 2530 3889 2819 3974; x_wconf 78' lang='lat' dir='ltr'>(nomine</span> <span class='ocrx_word' id='word_1_436' title='bbox 2872 3892 3149 3957; x_wconf 85' lang='lat' dir='ltr'>locorum</span> <span class='ocrx_word' id='word_1_437' title='bbox 3168 3942 3185 3972; x_wconf 91' lang='lat'>,</span> <span class='ocrx_word' id='word_1_438' title='bbox 3242 3915 3529 3978; x_wconf 83' lang='lat' dir='ltr'>quorum</span> <span class='ocrx_word' id='word_1_439' title='bbox 3671 3931 3672 3978; x_wconf 86' lang='lat'>1</span> 
     </span>
     <span class='ocr_line' id='line_1_36' title="bbox 579 3990 3529 4080; baseline 0.002 -24"><span class='ocrx_word' id='word_1_440' title='bbox 579 4013 730 4078; x_wconf 87' lang='lat' dir='ltr'>pars</span> <span class='ocrx_word' id='word_1_441' title='bbox 775 3991 1091 4077; x_wconf 78' lang='lat' dir='ltr'>posterior</span> <span class='ocrx_word' id='word_1_442' title='bbox 1132 4004 1234 4058; x_wconf 90' lang='lat' dir='ltr'>est</span> <span class='ocrx_word' id='word_1_443' title='bbox 1273 4015 1508 4058; x_wconf 90' lang='lat' dir='ltr'>nomen</span> <span class='ocrx_word' id='word_1_444' title='bbox 1552 3990 1702 4074; x_wconf 80' lang='lat' dir='ltr'>viri)</span> <span class='ocrx_word' id='word_1_445' title='bbox 1745 3992 1820 4057; x_wconf 91' lang='lat' dir='ltr'>L.</span> <span class='ocrx_word' id='word_1_446' title='bbox 1853 3993 2055 4058; x_wconf 81' lang='lat' dir='ltr'>Land.</span> <span class='ocrx_word' id='word_1_447' title='bbox 2084 3993 2225 4057; x_wconf 84' lang='lat'><strong>209.</strong></span> <span class='ocrx_word' id='word_1_448' title='bbox 2258 3991 2402 4056; x_wconf 91' lang='grc'>221.</span> <span class='ocrx_word' id='word_1_449' title='bbox 2477 3990 2685 4056; x_wconf 72' lang='lat' dir='ltr'>Tiesoi</span> <span class='ocrx_word' id='word_1_450' title='bbox 2722 3992 3044 4077; x_wconf 85' lang='lat' dir='ltr'>(alumnus</span> <span class='ocrx_word' id='word_1_451' title='bbox 3090 3991 3157 4059; x_wconf 92' lang='lat' dir='ltr'>S.</span> <span class='ocrx_word' id='word_1_452' title='bbox 3187 3993 3529 4080; x_wconf 84' lang='lat' dir='ltr'>Dubricii)</span> 
     </span>
    </p>
   </div>
   <div class='ocr_carea' id='block_1_6' title="bbox 581 4087 3672 4884">
    <p class='ocr_par' dir='ltr' id='par_1_10' title="bbox 581 4087 3672 4583">
     <span class='ocr_line' id='line_1_37' title="bbox 587 4087 3672 4176; baseline 0.003 -20"><span class='ocrx_word' id='word_1_453' title='bbox 587 4093 728 4158; x_wconf 91' lang='grc'>178.</span> <span class='ocrx_word' id='word_1_454' title='bbox 795 4091 1026 4157; x_wconf 77' lang='lat' dir='ltr'>Elinui</span> <span class='ocrx_word' id='word_1_455' title='bbox 1064 4093 1210 4158; x_wconf 90' lang='grc'>262.</span> <span class='ocrx_word' id='word_1_456' title='bbox 1294 4088 1694 4174; x_wconf 75' lang='lat' dir='ltr'>Guennonoe,</span> <span class='ocrx_word' id='word_1_457' title='bbox 1753 4087 2118 4158; x_wconf 75' lang='lat' dir='ltr'>Guinnonui</span> <span class='ocrx_word' id='word_1_458' title='bbox 2161 4094 2297 4158; x_wconf 91' lang='grc'>170.</span> <span class='ocrx_word' id='word_1_459' title='bbox 2335 4093 2473 4158; x_wconf 91' lang='grc'>182.</span> <span class='ocrx_word' id='word_1_460' title='bbox 2546 4087 2907 4158; x_wconf 71' lang='lat' dir='ltr'>Gumonoe</span> <span class='ocrx_word' id='word_1_461' title='bbox 2950 4096 3093 4160; x_wconf 91' lang='grc'>205.</span> <span class='ocrx_word' id='word_1_462' title='bbox 3167 4089 3527 4176; x_wconf 71' lang='lat' dir='ltr'>Guoronm&#39;,</span> <span class='ocrx_word' id='word_1_463' title='bbox 3671 4109 3672 4120; x_wconf 57' lang='lat'>³</span> 
     </span>
     <span class='ocr_line' id='line_1_38' title="bbox 595 4187 3672 4282; baseline 0.003 -26"><span class='ocrx_word' id='word_1_464' title='bbox 595 4187 883 4258; x_wconf 75' lang='lat' dir='ltr'>Guronm&#39;</span> <span class='ocrx_word' id='word_1_465' title='bbox 923 4194 1066 4258; x_wconf 84' lang='grc'>260.</span> <span class='ocrx_word' id='word_1_466' title='bbox 1101 4195 1243 4258; x_wconf 86' lang='grc'>261.</span> <span class='ocrx_word' id='word_1_467' title='bbox 1294 4193 1869 4282; x_wconf 75' lang='lat' dir='ltr'>(Lann)9uoronoi,</span> <span class='ocrx_word' id='word_1_468' title='bbox 1917 4194 2436 4281; x_wconf 74' lang='lat' dir='ltr'>(Lann)9uronoi</span> <span class='ocrx_word' id='word_1_469' title='bbox 2475 4194 2619 4258; x_wconf 84' lang='grc'>230.</span> <span class='ocrx_word' id='word_1_470' title='bbox 2651 4195 2793 4258; x_wconf 84' lang='grc'>236.</span> <span class='ocrx_word' id='word_1_471' title='bbox 2872 4193 3147 4258; x_wconf 76' lang='lat' dir='ltr'>Iunabm&#39;</span> <span class='ocrx_word' id='word_1_472' title='bbox 3186 4199 3291 4262; x_wconf 82' lang='lat'>70.</span> <span class='ocrx_word' id='word_1_473' title='bbox 3360 4193 3529 4264; x_wconf 77' lang='lat' dir='ltr'>Gui-</span> <span class='ocrx_word' id='word_1_474' title='bbox 3671 4221 3672 4282; x_wconf 78' lang='lat' dir='ltr'>j</span> 
     </span>
     <span class='ocr_line' id='line_1_39' title="bbox 583 4289 3672 4382; baseline 0.002 -24"><span class='ocrx_word' id='word_1_475' title='bbox 583 4294 782 4359; x_wconf 67' lang='lat' dir='ltr'>nahai</span> <span class='ocrx_word' id='word_1_476' title='bbox 826 4295 964 4358; x_wconf 84' lang='lat'><strong>115.</strong></span> <span class='ocrx_word' id='word_1_477' title='bbox 1045 4289 1409 4360; x_wconf 78' lang='lat' dir='ltr'>Guernabui</span> <span class='ocrx_word' id='word_1_478' title='bbox 1450 4298 1549 4360; x_wconf 90' lang='grc'>72.</span> <span class='ocrx_word' id='word_1_479' title='bbox 1594 4299 1693 4360; x_wconf 88' lang='grc'>74.</span> <span class='ocrx_word' id='word_1_480' title='bbox 1779 4295 2035 4376; x_wconf 81' lang='lat' dir='ltr'>Quibus</span> <span class='ocrx_word' id='word_1_481' title='bbox 2080 4295 2374 4360; x_wconf 85' lang='lat' dir='ltr'>addenda</span> <span class='ocrx_word' id='word_1_482' title='bbox 2414 4295 2672 4360; x_wconf 86' lang='lat' dir='ltr'>nomina</span> <span class='ocrx_word' id='word_1_483' title='bbox 2712 4297 2973 4382; x_wconf 83' lang='lat' dir='ltr'>propria</span> <span class='ocrx_word' id='word_1_484' title='bbox 3025 4319 3061 4361; x_wconf 91' lang='lat' dir='ltr'>e</span> <span class='ocrx_word' id='word_1_485' title='bbox 3104 4296 3313 4364; x_wconf 55' lang='lat' dir='ltr'>Mau:</span> <span class='ocrx_word' id='word_1_486' title='bbox 3382 4297 3527 4365; x_wconf 69' lang='lat' dir='ltr'>Git-</span> <span class='ocrx_word' id='word_1_487' title='bbox 3671 4289 3672 4300; x_wconf 36' lang='lat'><strong>³</strong></span> 
     </span>
     <span class='ocr_line' id='line_1_40' title="bbox 581 4395 3524 4483; baseline 0.002 -23"><span class='ocrx_word' id='word_1_488' title='bbox 581 4397 857 4480; x_wconf 73' lang='lat' dir='ltr'>uaetlzwy</span> <span class='ocrx_word' id='word_1_489' title='bbox 901 4395 959 4475; x_wconf 87' lang='lat'>3,</span> <span class='ocrx_word' id='word_1_490' title='bbox 998 4396 1133 4460; x_wconf 89' lang='grc'>190.</span> <span class='ocrx_word' id='word_1_491' title='bbox 1193 4395 1370 4461; x_wconf 70' lang='grc' dir='ltr'>Μαθι</span> <span class='ocrx_word' id='word_1_492' title='bbox 1411 4397 1534 4460; x_wconf 80' lang='lat' dir='ltr'>uab</span> <span class='ocrx_word' id='word_1_493' title='bbox 1577 4397 1927 4483; x_wconf 65' lang='lat' dir='ltr'>Mathonwy</span> <span class='ocrx_word' id='word_1_494' title='bbox 1970 4397 2026 4480; x_wconf 90' lang='lat'>3,</span> <span class='ocrx_word' id='word_1_495' title='bbox 2065 4397 2182 4461; x_wconf 88' lang='grc'>189</span> <span class='ocrx_word' id='word_1_496' title='bbox 2213 4417 2309 4482; x_wconf 83' lang='lat' dir='ltr'>sq.</span> <span class='ocrx_word' id='word_1_497' title='bbox 2366 4395 2541 4481; x_wconf 70' lang='lat' dir='ltr'>Eryr</span> <span class='ocrx_word' id='word_1_498' title='bbox 2577 4417 2789 4483; x_wconf 74' lang='lat' dir='ltr'>ywern</span> <span class='ocrx_word' id='word_1_499' title='bbox 2832 4397 3006 4482; x_wconf 69' lang='lat' dir='ltr'>abwy</span> <span class='ocrx_word' id='word_1_500' title='bbox 3050 4401 3109 4480; x_wconf 83' lang='grc'>2,</span> <span class='ocrx_word' id='word_1_501' title='bbox 3160 4399 3307 4464; x_wconf 85' lang='grc'>333.</span> <span class='ocrx_word' id='word_1_502' title='bbox 3376 4401 3524 4466; x_wconf 73' lang='lat' dir='ltr'>Hu-</span> 
     </span>
     <span class='ocr_line' id='line_1_41' title="bbox 585 4495 1844 4583; baseline 0.002 -23"><span class='ocrx_word' id='word_1_503' title='bbox 585 4497 808 4582; x_wconf 70' lang='lat' dir='ltr'>nabwy</span> <span class='ocrx_word' id='word_1_504' title='bbox 852 4497 910 4576; x_wconf 92' lang='grc'>2,</span> <span class='ocrx_word' id='word_1_505' title='bbox 943 4496 1086 4561; x_wconf 90' lang='grc'>209.</span> <span class='ocrx_word' id='word_1_506' title='bbox 1139 4495 1457 4583; x_wconf 73' lang='lat' dir='ltr'>Ronabwy</span> <span class='ocrx_word' id='word_1_507' title='bbox 1501 4499 1559 4580; x_wconf 89' lang='grc'>2,</span> <span class='ocrx_word' id='word_1_508' title='bbox 1592 4499 1716 4563; x_wconf 85' lang='grc'>372</span> <span class='ocrx_word' id='word_1_509' title='bbox 1747 4519 1844 4583; x_wconf 90' lang='lat' dir='ltr'>sq.</span> 
     </span>
    </p>

    <p class='ocr_par' dir='ltr' id='par_1_11' title="bbox 585 4596 3527 4884">
     <span class='ocr_line' id='line_1_42' title="bbox 751 4596 3526 4676; baseline 0.002 -12"><span class='ocrx_word' id='word_1_510' title='bbox 751 4597 1160 4664; x_wconf 82' lang='lat' dir='ltr'>Concordant</span> <span class='ocrx_word' id='word_1_511' title='bbox 1201 4599 1591 4664; x_wconf 85' lang='lat' dir='ltr'>aremoric</span> <span class='ocrx_word' id='word_1_512' title='bbox 1611 4621 1650 4664; x_wconf 89' lang='lat' dir='ltr'>a</span> <span class='ocrx_word' id='word_1_513' title='bbox 1701 4607 1955 4664; x_wconf 80' lang='lat' dir='ltr'>vetusta</span> <span class='ocrx_word' id='word_1_514' title='bbox 1997 4596 2356 4663; x_wconf 85' lang='lat' dir='ltr'>desinentia</span> <span class='ocrx_word' id='word_1_515' title='bbox 2398 4598 2466 4663; x_wconf 91' lang='lat' dir='ltr'>in</span> <span class='ocrx_word' id='word_1_516' title='bbox 2510 4619 2606 4676; x_wconf 82' lang='lat' dir='ltr'>oe,</span> <span class='ocrx_word' id='word_1_517' title='bbox 2652 4602 2715 4663; x_wconf 79' lang='lat' dir='ltr'>oi</span> <span class='ocrx_word' id='word_1_518' title='bbox 2766 4622 2801 4664; x_wconf 91' lang='lat' dir='ltr'>e</span> <span class='ocrx_word' id='word_1_519' title='bbox 2846 4599 3231 4666; x_wconf 74' lang='lat' dir='ltr'>chartulario</span> <span class='ocrx_word' id='word_1_520' title='bbox 3274 4601 3526 4670; x_wconf 82' lang='lat' dir='ltr'>Rhed.:</span> 
     </span>
     <span class='ocr_line' id='line_1_43' title="bbox 585 4697 3527 4783; baseline 0.003 -21"><span class='ocrx_word' id='word_1_521' title='bbox 585 4697 775 4763; x_wconf 82' lang='lat' dir='ltr'>Suloe</span> <span class='ocrx_word' id='word_1_522' title='bbox 822 4705 878 4780; x_wconf 85' lang='grc'>2,</span> <span class='ocrx_word' id='word_1_523' title='bbox 910 4700 1008 4764; x_wconf 89' lang='grc'>31.</span> <span class='ocrx_word' id='word_1_524' title='bbox 1073 4707 1108 4768; x_wconf 89' lang='lat'><em>(</em></span> <span class='ocrx_word' id='word_1_525' title='bbox 1117 4699 1175 4763; x_wconf 85' lang='lat' dir='ltr'><em>T</em></span> <span class='ocrx_word' id='word_1_526' title='bbox 1175 4699 1485 4782; x_wconf 72' lang='lat' dir='ltr'>v·eb)hinoi</span> <span class='ocrx_word' id='word_1_527' title='bbox 1530 4703 1583 4781; x_wconf 90' lang='grc'>1,</span> <span class='ocrx_word' id='word_1_528' title='bbox 1614 4702 1716 4764; x_wconf 87' lang='grc'>45.</span> <span class='ocrx_word' id='word_1_529' title='bbox 1783 4699 1977 4762; x_wconf 79' lang='lat' dir='ltr'>Keboi</span> <span class='ocrx_word' id='word_1_530' title='bbox 2022 4701 2073 4778; x_wconf 86' lang='lat'>1,</span> <span class='ocrx_word' id='word_1_531' title='bbox 2110 4701 2207 4765; x_wconf 88' lang='lat'>54.</span> <span class='ocrx_word' id='word_1_532' title='bbox 2278 4697 2657 4764; x_wconf 70' lang='lat' dir='ltr'>Ilaeswalloe</span> <span class='ocrx_word' id='word_1_533' title='bbox 2700 4699 2809 4783; x_wconf 86' lang='lat' dir='ltr'>(cf.</span> <span class='ocrx_word' id='word_1_534' title='bbox 2854 4723 3089 4766; x_wconf 89' lang='lat' dir='ltr'>nomen</span> <span class='ocrx_word' id='word_1_535' title='bbox 3135 4699 3201 4766; x_wconf 84' lang='lat' dir='ltr'>S.</span> <span class='ocrx_word' id='word_1_536' title='bbox 3254 4703 3527 4770; x_wconf 52' lang='lat' dir='ltr'>{Viama-</span> 
     </span>
     <span class='ocr_line' id='line_1_44' title="bbox 585 4796 3527 4884; baseline 0.003 -20"><span class='ocrx_word' id='word_1_537' title='bbox 585 4803 718 4880; x_wconf 81' lang='lat' dir='ltr'>loei,</span> <span class='ocrx_word' id='word_1_538' title='bbox 765 4801 1018 4867; x_wconf 80' lang='lat' dir='ltr'>abbatis</span> <span class='ocrx_word' id='word_1_539' title='bbox 1064 4801 1685 4882; x_wconf 82' lang='lat' dir='ltr'>Landevenecensis,</span> <span class='ocrx_word' id='word_1_540' title='bbox 1731 4799 1896 4865; x_wconf 90' lang='lat' dir='ltr'>Boll.</span> <span class='ocrx_word' id='word_1_541' title='bbox 1940 4799 2129 4864; x_wconf 83' lang='lat' dir='ltr'>Mart.</span> <span class='ocrx_word' id='word_1_542' title='bbox 2172 4805 2224 4882; x_wconf 89' lang='grc'>1,</span> <span class='ocrx_word' id='word_1_543' title='bbox 2258 4801 2411 4884; x_wconf 86' lang='grc'>250)</span> <span class='ocrx_word' id='word_1_544' title='bbox 2462 4804 2519 4881; x_wconf 91' lang='grc'>1,</span> <span class='ocrx_word' id='word_1_545' title='bbox 2554 4802 2612 4865; x_wconf 83' lang='grc'>3.</span> <span class='ocrx_word' id='word_1_546' title='bbox 2690 4796 3033 4867; x_wconf 70' lang='grc' dir='ltr'>θνεηὸίᾱοε</span> <span class='ocrx_word' id='word_1_547' title='bbox 3084 4807 3135 4882; x_wconf 83' lang='lat' dir='ltr'>l,</span> <span class='ocrx_word' id='word_1_548' title='bbox 3166 4805 3268 4869; x_wconf 84' lang='lat'>54.</span> <span class='ocrx_word' id='word_1_549' title='bbox 3356 4805 3527 4872; x_wconf 60' lang='lat' dir='ltr'>Whe-</span> 
     </span>
    </p>
   </div>
   <div class='ocr_carea' id='block_1_7' title="bbox 589 4901 3672 4987">
    <p class='ocr_par' dir='ltr' id='par_1_12' title="bbox 589 4901 3672 4987">
     <span class='ocr_line' id='line_1_45' title="bbox 589 4901 3672 4987; baseline 0.003 -22"><span class='ocrx_word' id='word_1_550' title='bbox 589 4901 766 4966; x_wconf 76' lang='lat' dir='ltr'>bidoe</span> <span class='ocrx_word' id='word_1_551' title='bbox 805 4901 969 4968; x_wconf 88' lang='lat' dir='ltr'>Mor.</span> <span class='ocrx_word' id='word_1_552' title='bbox 1002 4903 1145 4968; x_wconf 86' lang='lat'><strong>304.</strong></span> <span class='ocrx_word' id='word_1_553' title='bbox 1205 4903 1528 4966; x_wconf 68' lang='lat' dir='ltr'>Mabwidoe</span> <span class='ocrx_word' id='word_1_554' title='bbox 1555 4901 1717 4967; x_wconf 86' lang='lat' dir='ltr'>Mor.</span> <span class='ocrx_word' id='word_1_555' title='bbox 1749 4903 1891 4967; x_wconf 88' lang='grc'>305.</span> <span class='ocrx_word' id='word_1_556' title='bbox 1960 4901 2246 4987; x_wconf 77' lang='lat' dir='ltr'>Riskipoe</span> <span class='ocrx_word' id='word_1_557' title='bbox 2302 4909 2349 4981; x_wconf 89' lang='grc' dir='ltr'>Ι,</span> <span class='ocrx_word' id='word_1_558' title='bbox 2375 4905 2432 4966; x_wconf 87' lang='grc'>2.</span> <span class='ocrx_word' id='word_1_559' title='bbox 2502 4901 2801 4964; x_wconf 79' lang='lat' dir='ltr'>Nomiuoe</span> <span class='ocrx_word' id='word_1_560' title='bbox 2829 4901 2915 4986; x_wconf 87' lang='lat' dir='ltr'>fq.</span> <span class='ocrx_word' id='word_1_561' title='bbox 2962 4903 3235 4986; x_wconf 72' lang='lat' dir='ltr'>Benitoe,</span> <span class='ocrx_word' id='word_1_562' title='bbox 3284 4905 3531 4972; x_wconf 75' lang='lat' dir='ltr'>Vmitoe</span> <span class='ocrx_word' id='word_1_563' title='bbox 3671 4959 3672 4972; x_wconf 63' lang='grc'>,</span> 
     </span>
    </p>
   </div>
   <div class='ocr_carea' id='block_1_8' title="bbox 594 5005 3528 5194">
    <p class='ocr_par' dir='ltr' id='par_1_13' title="bbox 594 5005 3528 5194">
     <span class='ocr_line' id='line_1_46' title="bbox 594 5005 1889 5086; baseline 0 -20"><span class='ocrx_word' id='word_1_564' title='bbox 594 5007 646 5083; x_wconf 88' lang='lat' dir='ltr'>l,</span> <span class='ocrx_word' id='word_1_565' title='bbox 681 5005 738 5066; x_wconf 88' lang='lat'>8.</span> <span class='ocrx_word' id='word_1_566' title='bbox 808 5007 865 5084; x_wconf 81' lang='grc'>2,</span> <span class='ocrx_word' id='word_1_567' title='bbox 905 5006 998 5068; x_wconf 89' lang='grc'>16.</span> <span class='ocrx_word' id='word_1_568' title='bbox 1058 5005 1322 5067; x_wconf 72' lang='lat' dir='ltr'>l’ortitoe</span> <span class='ocrx_word' id='word_1_569' title='bbox 1373 5008 1422 5086; x_wconf 85' lang='lat' dir='ltr'>l,</span> <span class='ocrx_word' id='word_1_570' title='bbox 1456 5006 1513 5069; x_wconf 88' lang='grc'>9.</span> <span class='ocrx_word' id='word_1_571' title='bbox 1561 5008 1618 5084; x_wconf 85' lang='grc'>2,</span> <span class='ocrx_word' id='word_1_572' title='bbox 1657 5006 1752 5069; x_wconf 89' lang='grc'>14.</span> <span class='ocrx_word' id='word_1_573' title='bbox 1795 5006 1889 5067; x_wconf 88' lang='grc'>16.</span> 
     </span>
     <span class='ocr_line' id='line_1_47' title="bbox 761 5103 3528 5194; baseline 0.003 -24"><span class='ocrx_word' id='word_1_574' title='bbox 761 5105 1175 5190; x_wconf 82' lang='lat' dir='ltr'>Appellativa</span> <span class='ocrx_word' id='word_1_575' title='bbox 1216 5105 1535 5172; x_wconf 83' lang='lat' dir='ltr'>cambrica</span> <span class='ocrx_word' id='word_1_576' title='bbox 1578 5107 1863 5172; x_wconf 87' lang='lat' dir='ltr'>eiusdem</span> <span class='ocrx_word' id='word_1_577' title='bbox 1892 5105 2385 5171; x_wconf 79' lang='lat' dir='ltr'>terminationis:</span> <span class='ocrx_word' id='word_1_578' title='bbox 2430 5106 2699 5188; x_wconf 74' lang='lat' dir='ltr'>mackwy</span> <span class='ocrx_word' id='word_1_579' title='bbox 2743 5103 2964 5189; x_wconf 79' lang='lat' dir='ltr'>(puel-3</span> <span class='ocrx_word' id='word_1_580' title='bbox 3008 5129 3218 5194; x_wconf 71' lang='lat' dir='ltr'>mayn,</span> <span class='ocrx_word' id='word_1_581' title='bbox 3246 5111 3528 5194; x_wconf 83' lang='lat' dir='ltr'>nutrire)</span> 
     </span>
    </p>
   </div>
   <div class='ocr_carea' id='block_1_9' title="bbox 3669 3721 3674 5595">
    <p class='ocr_par' dir='ltr' id='par_1_14' title="bbox 3669 3721 3674 5595">
     <span class='ocr_line' id='line_1_48' title="bbox 3669 3721 3674 5595; baseline 0 0"><span class='ocrx_word' id='word_1_582' title='bbox 3669 3721 3674 5595; x_wconf 95' lang='lat' dir='ltr'> </span> 
     </span>
    </p>
   </div>
  </div>
 </body>
</html>
