3717 5642
680 363 805 428 970
845 369 1280 434 (957-1144-958)
1368 370 1480 436 VI.
1527 372 1585 435 2.
1658 390 2132 441 cons‘rnnc'no
2175 394 2467 442 Pon‘rrca
2511 394 2940 443 narrantum.

1082 556 1348 615 Decimas
1390 564 1448 615 et
1489 558 1809 616 oblationes
1849 560 1960 617 deo
2002 580 2114 618 non
2157 562 2400 635 solvunt,

1078 652 1220 708 Dies
1261 652 1435 708 festos
1477 659 1536 709 et
1573 652 1888 711 dominicas
1931 674 2042 713 non
2087 664 2448 729 venerantur,

1080 746 1323 823 vigilias
1361 753 1459 804 aut
1500 748 1876 805 caerimonias
1914 768 2028 807 non
2067 750 2388 808 observant.

1076 845 1231 899 Aves
1271 842 1483 913 volant,
1526 842 1715 917 pisces
1754 849 1974 915 natant,

1078 938 1235 1010 Apes
1276 935 1623 1008 mellificant,
1664 954 1890 994 vermes
1927 942 2156 1013 repunt,

1076 1027 1323 1099 Quidvis
1365 1038 1637 1105 operatur
1676 1031 1748 1090 ad
1791 1030 2252 1107 consequendam
2291 1034 2662 1091 nutritionem
2703 1052 2888 1108 suam,

1076 1122 1351 1199 Exceptis
1392 1122 1578 1181 Cleris
1618 1130 1677 1181 et
1715 1124 2035 1183 latronibus
2072 1126 2258 1202 pigris
2296 1127 2615 1189 inutilibus.

1078 1283 1205 1342 Non
1247 1284 1502 1343 detrecto
1542 1302 1647 1361 ego
1687 1291 1917 1344 cantum
1955 1305 2064 1344 nec
2101 1292 2396 1345 cantorum
2437 1296 2638 1365 artem,

1074 1377 1223 1435 Nam
1267 1378 1411 1436 deus
1452 1398 1518 1436 ea
1558 1379 1722 1438 dedit
1760 1388 1960 1438 contra
1995 1382 2150 1439 mala
2186 1382 2476 1458 tristitiae,

1073 1472 1203 1531 Nisi
1244 1492 1374 1530 eum
1414 1474 1513 1549 qui
1555 1493 1625 1531 ea
1663 1474 1785 1551 agit
1823 1475 2021 1551 iniquo
2062 1495 2171 1533 usu

1075 1567 1166 1624 Ad
1206 1568 1639 1627 detrectandam
1677 1568 1870 1627 Iesum
1911 1570 2150 1647 eiusque
2189 1570 2628 1629 ministerium.”

840 1732 1099 1797 Praeter
1143 1753 1535 1797 communem
1581 1732 1873 1818 copulam
1916 1744 2058 1797 -ant
2099 1734 2517 1799 enarrationis
2559 1733 3088 1819 reprehendentis
3121 1745 3188 1801 et
3225 1740 3381 1800 -aetlc
3414 1751 3530 1800 stro-

672 1833 835 1920 phae
892 1834 1101 1899 finalis
1157 1836 1225 1900 in
1279 1834 1583 1899 membris
1640 1834 1807 1899 hanc
1858 1834 2389 1921 praecedentibus
2433 1835 2724 1900 omnibus
2783 1836 3079 1903 laterales
3141 1838 3530 1903 consonantiae

672 1948 737 1999 et
789 1937 1074 2002 internae
1127 1936 1558 2016 inveniuntur,
1617 1958 1999 2021 quamquam
2051 1958 2179 2001 non
2243 1957 2491 2021 semper
2545 1946 2694 2000 sunt
2733 1938 2979 2023 plenae.
3084 1937 3532 2003 Terminationes

672 2041 834 2116 -ion‚
880 2040 1049 2118 -iau,
1096 2039 1287 2117 -iant,
1336 2040 1456 2103 etsi
1512 2038 1593 2102 ob
1636 2046 1902 2102 metrum
1945 2036 2424 2121 monosyllabae
2467 2038 2786 2123 putandae
2834 2050 2983 2104 sunt
3027 2041 3184 2125 (leg.
3235 2041 3356 2123 -jmae
3403 2038 3531 2119 etc),

672 2140 1067 2204 constituunt
1118 2148 1331 2203 tamen
1386 2138 1735 2223 bisyllabas
1782 2139 2268 2221 consonantias,
2327 2163 2472 2205 cum
2516 2140 2824 2205 accedant
2861 2141 2940 2206 ad
2984 2142 3267 2207 internas
3308 2143 3370 2205 in
3405 2139 3534 2203 voci-

669 2240 787 2305 bus
846 2240 1116 2325 signatis
1154 2241 1522 2325 ymb-ionica
1576 2242 1884 2325 ddym‘on,
1921 2242 2196 2325 9-wyliau
2239 2242 2546 2305 mamiliam
2599 2240 2886 2325 aliisque.
2988 2238 3240 2331 Singuli
3293 2240 3535 2307 versiculi

665 2364 1058 2408 novenarum
1110 2341 1494 2427 syllabarum
1540 2364 1685 2408 esse
1728 2342 1956 2408 solent.

835 2442 893 2507 E
924 2466 1095 2507 more
1126 2444 1393 2508 triadum
1438 2444 1769 2509 admodum
1812 2444 2046 2509 usitato
2094 2453 2157 2508 et
2201 2456 2450 2509 vetusto
2497 2443 2666 2530 apud
2697 2437 3008 2508 Cambros
3039 2454 3178 2509 orta
3205 2456 3304 2509 est
3328 2442 3536 2527 stropha
3623 2490 3625 2497 .

667 2545 897 2610 certior
940 2546 1257 2611 cambrica
1299 2557 1364 2609 et
1404 2546 1792 2631 frequentior
1834 2546 2122 2625 triadica,
2169 2554 2423 2611 servata
2463 2544 2532 2609 in
2558 2542 2908 2609 recentiore
2941 2545 3122 2629 poesi
3155 2548 3325 2611 iuxta
3357 2565 3536 2609 versus

663 2647 769 2711 vel
815 2646 1127 2731 strophas,
1172 2648 1239 2710 in
1285 2648 1514 2732 quibus
1558 2648 1976 2713 consonantia
2019 2658 2128 2711 aut
2167 2648 2586 2727 continuatur,
2633 2655 2743 2711 aut
2785 2643 3045 2729 copulat
3081 2646 3266 2711 binos
3309 2647 3537 2711 versicu-

666 2750 797 2829 los,
842 2750 1157 2814 interdum
1203 2749 1449 2833 plures,
1507 2758 1633 2811 tam
1678 2750 2140 2834 subsequentes
2188 2772 2378 2833 quam
2422 2749 2798 2833 disparatos.
2897 2744 3334 2813 Consonantia
3371 2747 3535 2811 finalis
3621 2810 3623 2821 ,

667 2852 765 2917 bis
810 2850 1121 2937 copulans
1168 2852 1350 2915 binas
1398 2849 1599 2913 lineas
1649 2849 1783 2932 (vel
1828 2849 2146 2915 distichon
2177 2872 2317 2915 cum
2357 2849 2777 2915 consonantia
2805 2850 3270 2934 contraposita)
3313 2872 3535 2916 commu-

668 2954 772 3017 nis
821 2962 919 3016 est
962 2952 1163 3016 forma
1208 2952 1679 3036 epigrammatis
1727 2951 2045 3031 cambrici,
2093 2953 2260 3037 quod
2307 2951 2538 3016 dicitur
2575 2950 2827 3035 penniH,
2873 2970 3020 3013 cum
3061 2951 3250 3015 trium
3293 2973 3538 3016 versuum

666 3054 1055 3138 epigramma
1108 3052 1354 3116 dicatur
1407 3055 1642 3137 enqun.
1745 3053 2185 3119 Usitatissima
2257 3064 2405 3117 sunt
2455 3052 2644 3117 hodie
2697 3072 2950 3135 quoque
3021 3050 3182 3115 haec
3223 3052 3535 3137 pennulam.

666 3154 1039 3239 praesertim
1096 3153 1326 3239 quibus
1381 3175 1623 3217 morum
1677 3163 2018 3241 praecepta
2069 3156 2425 3234 traduntur,
2472 3154 2636 3218 inter
2681 3150 3010 3233 Cambros,
3055 3153 3122 3215 in
3169 3154 3386 3239 quibus
3425 3174 3536 3217 esse
3619 3212 3621 3235 ,

666 3255 987 3333 dicuntur,
1044 3254 1153 3340 qui
1208 3264 1459 3319 centum
1508 3256 1612 3321 vel
1656 3256 1837 3341 plura
1879 3259 2225 3342 proferant,
2271 3268 2523 3321 cantum
2567 3252 3052 3319 accuratissime
3103 3254 3340 3319 cithara
3383 3254 3536 3317 comi·

664 3367 871 3421 tantes
916 3354 1025 3441 (cf.
1072 3354 1627 3422 Cambro-Briton
1676 3360 1737 3439 1,
1794 3360 1895 3423 69.
1955 3360 2062 3441 70,
2117 3359 2185 3423 in
2240 3358 2418 3423 cuius
2461 3356 2606 3421 libri
2665 3355 3100 3441 compluribus
3163 3356 3319 3421 locis
3378 3354 3535 3418 multa

665 3458 934 3523 collecta
963 3458 1163 3541 sunt).
1244 3456 1559 3524 Versiculi
1603 3460 1707 3525 vel
1735 3460 2141 3528 hemistichia
2181 3460 2432 3526 octonis
2479 3457 2744 3544 syllabis
2776 3469 3096 3539 constant,
3139 3458 3336 3523 rarius
3363 3456 3532 3531 nonis,

664 3570 733 3624 ut
774 3561 841 3624 in
885 3560 1037 3639 hoc,
1084 3560 1266 3624 cuius
1310 3562 1627 3626 sententia
1668 3576 1891 3627 contra
1934 3561 2461 3627 consuetudinem
2507 3561 2692 3627 etiam
2736 3560 2807 3624 in
2849 3558 3049 3625 altero
3095 3560 3362 3625 disticho
3413 3580 3532 3623 con·
3617 3588 3619 3619 ;

662 3663 942 3726 tinuatur
986 3660 1485 3745 (Cambro-Brit.
1529 3686 1592 3747 p.
1642 3662 1781 3746 29):

959 3818 1093 3890 Dyn
1132 3836 1169 3872 a
1206 3834 1344 3891 qaro
1381 3815 1560 3888 ⁴qrwth
1599 3834 1637 3872 a
1677 3816 1878 3893 thelyn,
1909 3823 1930 3889 ΙΙ
1957 3822 2085 3875 sain
2125 3817 2498 3891 cynqhanedd,
2541 3816 2647 3873 etin
2687 3834 2760 3889 ⁰9
2801 3816 3020 3891 enqun,

965 3928 1000 3966 α
1036 3930 1145 3985 yar
1183 3930 1219 3985 y
1250 3910 1458 3985 petkau
1496 3926 1676 3984 mwya
1714 3910 1901 3984 tirion,
1932 3916 1952 3981 u
1980 3913 2102 3986 sy’n
2139 3931 2176 3987 y
2214 3912 2317 3985 nef
2347 3911 2588 3986 y‘rnlzlich
2625 3912 2912 3987 anyylion.

976 4004 1055 4061 Yr
1094 4005 1170 4061 rin
1208 4008 1270 4061 m·
1310 4004 1476 4061 charo
1518 4006 1628 4061 ddn
1667 4024 1705 4061 a
1746 4005 2003 4079 chaniad,
2035 4012 2055 4078 11
2084 4010 2144 4063 m'
2185 4007 2340 4065 chair
2379 4006 2565 4083 ynddo
2605 4025 2764 4065 nawa
2806 4024 2837 4062 ο
2873 4004 3098 4079 yariad‚
3615 4046 3617 4063 .

956 4102 1025 4172 fe
1067 4099 1221 4156 welir
1260 4099 1402 4169 lewn,
1442 4108 1531 4155 tra
1572 4099 1751 4173 byddo
1794 4100 1939 4177 byw,
1970 4110 1990 4175 11
2017 4120 2092 4175 yn
2129 4100 2234 4173 90³3
2269 4118 2382 4173 yart
2426 4100 2596 4175 ddyn,
2636 4120 2673 4157 a
2715 4100 2843 4157 cluis
2879 4119 2994 4173 qan
3035 4100 3227 4155 dduw.

746 4245 967 4302 “Homo
1008 4245 1108 4319 qui
1147 4252 1302 4301 amat
1342 4251 1578 4303 crottam
1623 4251 1680 4303 et
1720 4246 1978 4320 harpam,
2020 4264 2222 4303 sonum
2263 4246 2684 4319 consonantiae,
2729 4254 2958 4304 cantum
3001 4254 3062 4304 et
3099 4247 3441 4322 epigramma.

738 4348 893 4395 amat
932 4358 1025 4396 res
1064 4341 1313 4396 maxime
1353 4340 1648 4412 amabileS,
1688 4358 1836 4415 quae
1879 4346 2014 4397 sunt
2050 4340 2112 4397 in
2153 4342 2310 4399 caelo
2351 4340 2412 4397 in
2450 4340 2644 4400 medio
2682 4340 3034 4417 angelorum.

743 4436 797 4489 ls
839 4433 994 4489 solus
1034 4433 1135 4506 qui
1176 4452 1288 4489 non
1328 4439 1481 4490 amat
1520 4439 1716 4491 tonum
1758 4442 1815 4492 et
1854 4443 2103 4508 cantum,
2146 4455 2258 4494 non
2299 4442 2454 4493 amat
2491 4436 2550 4492 in
2593 4454 2655 4493 se
2696 4436 2968 4493 virtutem
3007 4436 3243 4505 amorim

740 4528 1029 4585 videbitur
1068 4525 1183 4597 hic,
1226 4527 1501 4599 quamdiu
1543 4528 1653 4585 erit
1692 4530 1877 4603 vivus,
1919 4530 1979 4587 in
2019 4530 2152 4588 odio
2192 4550 2320 4589 cum
2360 4532 2592 4590 homine
2635 4539 2692 4590 et
2731 4531 2864 4589 odio
2905 4549 3036 4589 cum
3078 4530 3242 4588 deo,'’

830 4689 1057 4753 Potest
1100 4690 1407 4775 distingui
1452 4694 1711 4777 stropha
1758 4694 2026 4760 triadica
2070 4695 2342 4780 simplex
2371 4706 2437 4760 et
2466 4694 2777 4780 copulata.
2855 4694 3142 4781 Simplex
3181 4690 3526 4759 constituitur
3611 4758 3613 4761 Α

666 4792 819 4856 solis
870 4792 1074 4856 tribus
1118 4792 1409 4857 versibus
1455 4811 1861 4879 septenarum
1908 4797 2308 4882 syllabarum,
2356 4795 2716 4861 coniunctis
2771 4820 2898 4861 una
2955 4795 3378 4871 consonantia,
3429 4808 3524 4875 qut
3611 4784 3613 4869 1

666 4894 927 4978 stropha
980 4916 1109 4957 non
1166 4896 1371 4959 solum
1426 4896 1541 4960 illa
1596 4900 2080 4983 epigrammata,
2149 4922 2310 4984 quae
2367 4900 2662 4964 dicuntur
2707 4902 3064 4986 enylynion,
3111 4922 3294 4985 supra
3327 4916 3520 4959 memo·
3611 4870 3613 4986 1

665 5010 803 5059 rata
858 4996 950 5081 (p.
1004 4994 1177 5075 963),
1222 5006 1352 5060 tam
1396 5000 1743 5064 vetustiora
1794 5022 1975 5085 quam
2034 5001 2423 5083 recentiora,
2499 5000 2613 5068 sed
2669 5005 2858 5069 etiam
2929 5012 3066 5071 tota
3136 4999 3384 5069 carmina
3439 4992 3521 5055 de·

3603 5422 3610 5591 1
