3717 5642
587 439 710 508 786
772 441 908 506 (748·
934 439 1057 504 749)
1117 436 1197 506 V.
1249 441 1301 502 1.
1367 456 1735 505 nssmrm
1780 457 2070 508 GALLICA
2112 461 2201 508 ΕΤ
2249 459 2618 510 maumam
2666 461 3099 512 smum-mm.

586 625 912 708 Volusius,
957 625 1127 692 unde
1155 625 1566 707 Volusianus,
1611 625 2005 710 Volusenus,
2051 629 2353 716 frequens
2395 653 2629 697 nomen
2672 631 3171 718 (seiungendum
3198 632 3387 717 igitur
3423 634 3499 698 ab

593 727 718 793 adi.
762 725 892 794 hib.
935 737 1063 794 vet.
1095 727 1292 813 folus,
1322 729 1545 812 sollus,
1592 739 1869 814 apertus,
1910 729 2173 815 clarus).

764 829 826 914 c)
871 828 1033 896 Cum
1075 831 1406 896 vocalibus
1451 831 1779 916 productis
1823 831 1928 896 vel
1972 831 2405 919 diphthongis.
2492 831 2571 898 In
2614 834 2937 900 nominum
2974 835 3163 900 modo
3208 857 3497 900 memora·

583 939 792 996 torum
836 931 1163 997 nonnullis
1206 933 1418 1017 putari
1461 931 1696 1018 poterit
1736 933 1981 998 vocalis
2024 934 2351 1019 produnt&
2394 946 2465 1002 ut
2507 936 2919 1002 derivationis
2962 959 3117 1018 -aso,
3163 938 3245 1003 ob
3288 959 3497 1002 vocem

585 1038 1280 1119 omasum-usurpatam
1325 1034 1404 1099 ab
1435 1031 1705 1096 Horatio
1748 1032 1818 1096 in
1864 1034 2047 1119 epist.
2087 1038 2143 1115 1,
2180 1037 2277 1116 15,
2310 1037 2413 1117 34,
2458 1038 2753 1123 gallicam
2798 1038 3143 1102 secundum
3172 1037 3499 1104 Philoxeni

583 1133 887 1218 glossam,
934 1144 1001 1200 et
1037 1134 1312 1200 fortasse
1352 1135 1422 1198 in
1462 1131 1718 1197 nomine
1759 1132 2049 1215 Tamesa,
2095 1135 2265 1221 quod
2292 1135 2661 1204 Ptolemaeo
2704 1147 3001 1224 corrupte
3044 1138 3499 1225 quodammodo

583 1242 681 1299 est
735 1223 1032 1318 Ἰάμησα.
1118 1235 1316 1322 Apud
1355 1243 1580 1321 poetas
1635 1242 1841 1298 autem
1891 1235 2324 1320 producuntur
2380 1223 2529 1307 IS·:
2574 1237 2853 1305 Talisius
2882 1241 3131 1305 Auson.
3161 1240 3415 1305 Parent.
3442 1241 3500 1304 8.

583 1335 684 1400 20.
761 1319 932 1402 OS·:
991 1335 1232 1403 Tolosa.
1259 1338 1508 1402 Auson.
1537 1335 1696 1420 prof.
1733 1337 1828 1399 16.
1868 1338 1964 1399 17.
2032 1335 2201 1406 US-:
2245 1337 2505 1406 Padusa
2532 1339 2737 1424 (fossa
2764 1363 2801 1405 e
2828 1338 3039 1424 Pado)
3070 1340 3313 1427 Vergil.
3342 1343 3499 1405 Aen.

596 1438 692 1518 11,
725 1436 869 1500 457.
916 1434 1251 1502 Claudian.
1297 1435 1553 1523 epithal.
1598 1435 1757 1500 Pall.
1797 1437 1935 1500 109.
2010 1439 2275 1505 Attusia
2315 1442 2563 1506 Auson.
2607 1441 2862 1506 Parent.
2908 1443 3009 1506 21.
3106 1439 3501 1527 Diphthongi

591 1559 735 1603 cum
775 1560 806 1600 ε
849 1538 1194 1620 derivante,
1238 1537 1449 1606 AUS-
1494 1537 1605 1622 (ex
1648 1557 1783 1598 αι’-ε
1825 1535 2023 1619 orta):
2080 1537 2469 1607 Nemausum
2512 1541 2715 1627 (Gall.
2762 1542 3006 1628 oppid.;
3052 1542 3132 1608 cf.
3176 1543 3241 1607 Ν
3242 1541 3500 1620 emavia,

589 1638 714 1704 loc.
761 1637 1015 1704 Vindel.
1058 1639 1241 1724 Itin.)
1284 1639 1438 1704 Mel.
1481 1637 1648 1702 Plin.
1713 1636 2093 1705 Pennausus
2138 1639 2231 1724 (n.
2274 1641 2427 1726 viri)
2470 1642 2675 1709 Inscr.
2720 1642 2899 1710 Grut.
2936 1645 3076 1725 736,
3109 1647 3167 1708 2.
3232 1643 3505 1709 Arausio

587 1738 789 1823 (Gall.
835 1739 1084 1826 oppid.)
1125 1739 1276 1806 Mel,
1313 1739 1479 1805 Plin.
1557 1737 1907 1805 Carausius
1953 1739 2326 1828 (Menapiae
2372 1744 2566 1828 civis)
2609 1746 2829 1811 Aurel.
2860 1745 3029 1811 Vict.
3076 1747 3157 1810 de
3189 1743 3381 1811 Caes.
3410 1745 3501 1807 19.

572 1831 1054 1908 ‘monasteriolo
1112 1843 1181 1906 in
1223 1864 1390 1927 pago
1437 1841 1784 1926 stampinse
1829 1843 2232 1908 noncobante
2273 1836 2607 1911 Lemauso’
2656 1846 2833 1931 (hod.
2872 1845 3203 1930 Limours)
3251 1846 3404 1932 dipl.
3446 1867 3500 1910 a.

579 1945 724 2025 703,
771 1943 1018 2010 Mabiu.
1073 1941 1224 2028 dipl.
1255 1965 1318 2028 p.
1349 1944 1492 2007 480.
1578 1940 1784 2010 EUS·
1815 1943 1929 2026 (ex
1960 1967 2085 2008 ‹ev-⁸
2100 1944 2189 2030 ?):
2239 1943 2584 2012 Celeusum
2626 1947 2778 2031 (loc.
2810 1947 3094 2029 Vindel.;
3140 1947 3221 2012 cf.
3254 1939 3503 2029 Celeia)

581 2042 739 2110 Tab.
781 2043 856 2111 P.
1499 2091 1512 2105 .

759 2147 834 2231 d)
879 2145 1200 2212 Derivans
1245 2145 1360 2213 SS.
1445 2145 1674 2215 ASS-:
1721 2145 1971 2214 Salassi
2016 2147 2196 2235 (pop.
2240 2148 2514 2234 gallicus
2542 2148 2685 2215 Ital.
2716 2149 2888 2238 sup.)
2930 2150 3071 2217 Liv.
3120 2143 3511 2234 Ἰοιῖρασσος

583 2250 828 2335 (mons)
868 2248 1134 2314 forsitan
1177 2250 1414 2315 rectius
1447 2249 1692 2315 dicatur
1717 2248 2105 2330 Ptolemaeo,
2153 2271 2339 2335 quam
2366 2248 2519 2316 Iura
2550 2248 2758 2333 Caes„
2806 2250 3105 2319 Straboni
3142 2243 3509 2332 ’Ῐουράσιος

545 2361 643 2434 ‚et
678 2341 905 2431 ’[ὀρας,
950 2349 1165 2415 Plinio
1211 2349 1394 2416 Iures
1441 2350 1613 2436 (pL),
1663 2373 1806 2416 cum
1847 2351 2097 2436 legatur
2138 2351 2326 2415 etiam
2370 2351 2441 2415 in
2469 2351 2671 2418 Inscr.
2718 2352 2950 2420 helvet.
2994 2377 3095 2440 ap.
3128 2353 3505 2418 Stein.536:

576 2451 1236 2518 TRANSIVRASSI.
1282 2451 1540 2517 VALL.
1585 2451 1798 2518 ROM.
1843 2451 2121 2519 INVIA.
2191 2451 2553 2519 Casibratio
2595 2452 2869 2540 Tagassi
2908 2455 2999 2520 fil.
3056 2452 3245 2521 Grut.
3276 2455 3423 2536 869,
3448 2458 3505 2518 7.

571 2554 795 2620 ESS-:
837 2553 1164 2620 Lucressa
1202 2554 1542 2620 Lucressis
1571 2554 1658 2618 fil.
1689 2553 1896 2620 Inscr.
1938 2553 2169 2619 Mutat.
2208 2556 2388 2636 1170,
2422 2557 2481 2619 7.
2550 2554 2945 2622 Revessione
2973 2554 3131 2622 Tab.
3160 2554 3237 2621 P.
3312 2555 3505 2621 ISS-:

572 2655 962 2722 Dumnissus
1021 2655 1233 2740 (fluv.)
1291 2658 1539 2724 Auson.
1588 2654 1840 2721 Mosell.
1928 2657 2449 2722 Autissiodurum
2503 2656 2704 2742 (Gall.
2766 2656 3043 2744 oppid),
3110 2657 3509 2724 Vindonissa

577 2757 804 2842 (Helv.
851 2756 1052 2844 opp.).
1118 2756 1468 2844 Ger-gissus
1514 2759 1735 2844 (poeta
1778 2755 2161 2843 gallicanus3
2208 2757 2286 2823 cf.
2334 2755 2659 2845 Gergovia
2702 2757 2924 2842 Caes.)
2968 2757 3194 2845 Virgil.
3242 2781 3504 2846 gramm.

569 2882 671 2945 ap.
713 2859 798 2924 A.
841 2859 998 2924 Mai.
1062 2861 1253 2925 Auct.
1300 2860 1489 2926 class.
1522 2862 1579 2940 5,
1617 2861 1755 2923 111.
1863 2855 2087 2925 USS-:
2154 2856 2431 2926 Verulae
2483 2857 2815 2926 Colussae-
2852 2859 3056 2925 Inscr.
3105 2857 3303 2925 Orell.
3352 2861 3501 2925 285.

567 2957 917 3046 Pompeius
959 2958 1240 3026 Catussa
1281 2962 1442 3026 civis
1489 2959 1821 3047 Sequanus
1865 2959 2069 3025 Inscr.
2108 2956 2306 3025 Orell.
2338 2961 2525 3026 4803.
2590 2959 2925 3026 Ianussius
2970 2959 3064 3044 (n.
3096 2959 3251 3043 viri)
3292 2959 3501 3025 Inscr.

571 3058 682 3127 Or.
712 3063 900 3128 4468.

737 3162 797 3246 e)
841 3161 1108 3228 Conexa
1133 3163 1202 3228 X
1246 3164 1340 3249 (ει-
1372 3163 1460 3247 es)
1505 3163 1572 3226 in
1614 3184 1742 3227 uno
1773 3163 2063 3249 exemplo
2109 3161 2469 3228 certissime
2499 3161 2829 3230 derivans:
2884 3161 3265 3230 Camulixus
3294 3161 3499 3228 Inscr.

570 3285 673 3348 ap.
715 3262 944 3330 Emele
986 3287 1049 3350 p.
1085 3266 1195 3346 763
1240 3264 1512 3330 fortasse
1555 3265 1624 3328 in
1666 3264 1814 3330 aliis
1855 3285 2109 3351 quoque
2154 3285 2350 3350 supra
2390 3265 2769 3332 memoratis.

2131 3455 2229 3462 -Μ

736 3565 1171 3634 Hibernice
1218 3565 1266 3634 S
1312 3567 1613 3635 derivans
1660 3569 2012 3634 secundum
2041 3590 2137 3648 ea,
2180 3589 2345 3654 quae
2390 3589 2585 3654 supra
2624 3591 2733 3654 pp.
2764 3569 3015 3632 49--52
3058 3569 3493 3655 exposuimus,

571 3669 812 3736 servari
856 3692 984 3735 non
1028 3670 1236 3756 potuit
1276 3671 1406 3734 nisi
1449 3679 1600 3756 post
1643 3691 1991 3750 consonas,
2038 3669 2272 3756 quibus.
2312 3670 2392 3735 ab
2434 3668 2617 3734 initio
2662 3669 2963 3735 adiuncta
3006 3679 3159 3736 erat.
3246 3669 3309 3735 E
3354 3673 3495 3757 qui·

565 3773 688 3838 bus
733 3793 879 3836 cum
925 3795 970 3834 n
1026 3781 1090 3836 et
1131 3793 1164 3835 c
1224 3772 1610 3852 exciderint,
1667 3771 1712 3834 d
1755 3781 1820 3836 et
1860 3781 1887 3833 t
1924 3771 1994 3835 in
2036 3793 2067 3834 ε
2106 3781 2387 3836 mutatae
2429 3779 2803 3856 sequentem
2848 3793 3100 3857 quoque
3144 3781 3169 3833 t
3208 3781 3494 3837 mutave·

561 3873 708 3954 rint,
756 3870 1200 3959 geminationis
1245 3881 1452 3937 autem
1481 3871 1724 3938 notatio
1771 3893 1967 3958 saepe
1996 3871 2337 3948 omittatur,
2380 3869 2711 3937 hibernica
2734 3892 2765 3934 ε
2807 3870 3093 3957 exceptis
3121 3872 3353 3957 paucis
3382 3894 3494 3937 ex-

569 3973 796 4060 emplis
840 3984 910 4038 ut
954 3975 1046 4036 mi
1085 3971 1405 4057 (mensis),
1453 3994 1594 4058 gen.
1623 3974 1740 4036 ’πίε
1783 3972 1873 4039 Cr
1908 4021 1925 4053 ,
1974 3971 2139 4036 unde
2184 3973 2349 4038 elisa
2386 3971 2595 4037 vocali
2638 3973 2873 4036 trimae:
2928 3972 3131 4035 ffimai
3169 3971 3291 4059 (gl.
3332 3983 3495 4038 tem-

567 4096 744 4158 pora,
790 4074 1175 4154 observatis3
1220 4073 1262 4136 i.
1295 4094 1349 4136 e.
1395 4072 1768 4156 trimestria)
1812 4071 1962 4140 Wb.
2001 4075 2116 4152 19⁴¹,
2162 4072 2267 4138 vel
2307 4075 2392 4136 eie
2434 4071 2749 4156 (census),
2796 4093 3057 4157 quorum
3100 4094 3131 4136 ε
3170 4072 3417 4160 prodiit
3457 4097 3493 4138 e

563 4196 662 4256 m,
709 4195 963 4260 semper
1005 4184 1115 4240 aut
1157 4173 1540 4240 combinatis
1584 4195 1644 4236 σε
1685 4174 2035 4260 respondet
2074 4183 2185 4238 aut
2223 4174 2435 4239 locum
2476 4182 2653 4239 tenet
2696 4172 3051 4259 geminatae
3092 4194 3169 4254 se,
3216 4171 3491 4258 plerum-

566 4297 690 4361 que
734 4276 813 4341 ab
855 4287 912 4339 st
951 4274 1291 4362 profectae,
1339 4274 1508 4340 sicut
1547 4275 1618 4338 in
1659 4295 1826 4340 nom.
1859 4276 1950 4338 mi
1988 4272 2311 4358 (mensis).

737 4379 790 4439 1.
859 4375 1240 4441 Terminalis
1283 4375 1478 4460 igitur
1509 4375 1550 4438 S
1595 4399 1724 4440 una
1765 4397 1912 4440 cum
1950 4375 2158 4441 vocali
2203 4374 2617 4440 antecedente
2648 4375 2812 4460 (ms)
2855 4375 3175 4441 decidisse
3202 4375 3495 4462 putanda

569 4485 670 4541 est
721 4477 790 4541 in
835 4477 1255 4543 substantivis
1298 4477 1504 4541 neutri
1551 4475 1804 4561 generis
1849 4497 2047 4562 supra
2084 4475 2431 4563 propositis
2476 4477 2570 4562 (p.
2602 4476 2791 4560 270):
2852 4487 2945 4563 τερ
2987 4475 3303 4561 (domus),
3348 4499 3491 4542 nem

562 4576 906 4661 (caelum),
965 4579 1082 4642 leth
1128 4576 1344 4661 (latus,
1389 4577 1603 4664 pars),
1647 4599 1792 4664 may
1835 4576 2196 4663 (campus),
2250 4575 2411 4642 eliab
2455 4576 2729 4661 (mons),
2790 4577 2887 4663 ἰός
2928 4576 3291 4662 (pretinm),
3358 4579 3491 4643 dni·

562 4677 939 4763 (castrum),
995 4677 1148 4764 qlvin
1192 4679 1422 4765 (genu)
1440 4731 1456 4761 ,
1516 4679 1746 4765 quibus
1792 4677 2195 4744 adnumerari
2238 4687 2453 4766 potest
2489 4678 2616 4764 yne'
2654 4677 2911 4762 (ratio);
2962 4699 3093 4743 una
3133 4699 3282 4744 cum
3322 4703 3371 4744 n
3423 4679 3491 4745 in

561 4779 1028 4866 comparativis,
1075 4779 1242 4844 sicut
1282 4781 1350 4845 in
1396 4802 1564 4845 nom.
1597 4782 1688 4844 mz'
1727 4779 2051 4864 (mensis).

725 4883 784 4945 2.
853 4881 896 4944 S
915 4891 1090 4946 -ante
1132 4881 1417 4946 vocalem
1461 4883 1854 4947 terminalem
1909 4882 2013 4947 vel
2057 4881 2425 4969 ampliorem
2468 4881 2956 4948 derivationem:
3019 4879 3091 4964 a)
3136 4881 3487 4966 singularis

558 5003 688 5046 non
729 4995 1018 5048 servatur
1057 4982 1186 5047 nisi
1229 4983 1388 5049 forte
1430 4993 1580 5069 post
1619 4983 1928 5070 liquidas:
1986 4986 2166 5048 arsid
2206 4983 2454 5068 (vetus)
2500 4982 2650 5050 Wb.
2700 4983 2805 5070 Sg.
2852 4994 2918 5048 et
2956 4991 3107 5069 post
3146 5005 3485 5050 excussam

556 5105 617 5149 c:
662 5083 874 5149 keulae
914 5083 1224 5170 (peritia),
1271 5086 1524 5148 aneulas
1567 5085 1967 5170 (inscientia3
2012 5083 2137 5148 adi.
2170 5085 2331 5168 dulc,
2374 5084 2462 5170 pl.
2494 5085 2687 5172 e'ult'q)
2736 5083 2845 5170 Sg.
2876 5085 3043 5151 209⁸.
3086 5082 3199 5150 Gr.
3230 5086 3355 5150 3⁷¹.

727 5185 792 5269 b)
841 5185 1157 5272 Pleraque
1199 5186 1414 5252 omnia
1454 5186 1746 5272 exempla
1771 5207 1801 5248 ε
1843 5195 2135 5252 servatae
2180 5187 2369 5252 etiam
2410 5187 2791 5273 simpliciter
2830 5185 3108 5272 scriptae
3148 5187 3485 5254 referenda
