3717 5642
898 354 1013 423 VI.
1060 358 1117 423 2.
1192 374 1666 425 cervernum-10
1708 374 2002 425 Pomm
2047 374 2433 427 manarum.
2483 360 2619 422 (924-
2639 362 2761 423 925)
2995 358 3118 421 947

362 538 455 607 Et
488 561 556 627 p.
603 542 751 613 113:

684 662 690 729 Ι
734 658 897 732 Vale,
942 666 951 736 Ι
992 661 1141 735 vale,
1184 668 1193 737 Ι
1234 662 1509 736 fidissime,
1552 659 1579 729 ΙΙ
1626 668 1633 739 Ι
1675 663 1839 739 phile
1876 659 2100 733 Christi
2135 668 2428 735 carissm,

604 754 789 826 Quem
824 756 885 811 in
930 758 939 829 Ι
983 756 1171 814 cordis
1216 767 1225 835 Ι
1268 756 1521 817 cubiculo
1566 763 1589 832 ΙΙ
1640 768 1647 834 Ι
1693 758 1859 835 cingo
1899 759 2112 817 amoris
2151 761 2394 819 vinculo.

610 853 617 923 Ι
657 850 783 907 Ave
826 844 833 914 Ι
877 846 1047 907 Hova
1088 848 1097 919 Ι
1141 848 1417 923 altissime,
1462 854 1486 925 ΙΙ
1534 852 1671 911 olim
1716 862 1725 929 Ι
1769 852 1939 911 sedes
1982 849 1991 917 Ι
2035 857 2393 928 sanctissime,

607 948 615 1015 Ι
660 942 935 1003 Salutatis
979 954 986 1021 Ι
1030 945 1373 1021 supplicibus
1416 948 1442 1019 ΙΙ
1484 944 1835 1005 Ethelwaldi
1874 966 2004 1005 cum
2043 949 2280 1023 vocibus,

608 1048 615 1113 Ι
660 1038 763 1112 Te,
808 1040 817 1111 Ι
860 1046 919 1097 te
957 1039 1133 1097 herus
1172 1040 1229 1097 in
1272 1042 1529 1099 omnibus
1575 1041 1603 1111 ΙΙ
1649 1050 1657 1117 Ι
1701 1038 1918 1099 clarum
1962 1039 1968 1108 Ι
2013 1043 2228 1101 creavit
2265 1044 2496 1119 actibus,

612 1144 617 1209 Ι
662 1132 871 1191 Forma
910 1140 970 1192 et
1007 1152 1114 1193 usu
1156 1135 1383 1208 virilem,
1428 1132 1453 1201 ιΙ
1502 1135 1509 1201 Ι
1553 1134 1706 1193 facto
1746 1140 1806 1193 et
1846 1135 2000 1193 dicto
2039 1138 2284 1198 senilem.

537 1278 543 1285 .
607 1226 790 1285 Tuam
836 1228 840 1241 '
884 1229 1135 1305 primum
1178 1226 1185 1295 Ι
1227 1234 1612 1309 pr0.pa9inem
1656 1240 1681 1313 ΙΙ
1728 1236 1737 1307 Ι
1780 1248 1887 1307 per
1929 1231 1936 1301 Ι
1979 1230 2322 1307 profundam
2362 1230 2680 1308 indaqinem

608 1318 845 1380 Curiose
890 1322 897 1391 Ι
942 1324 1230 1395 coniicere,
1275 1318 1301 1391 ΙΙ
1344 1325 1557 1385 mentis
1598 1332 1771 1401 atque
1810 1325 2087 1403 inspicere

614 1423 621 1493 Ι
664 1416 875 1475 Nullus
919 1426 925 1493 Ι
971 1418 1127 1476 valet
1166 1421 1173 1488 Ι
1219 1419 1538 1479 volucribus
1579 1416 1603 1489 ΙΙ
1648 1419 1858 1479 summi
1900 1420 2044 1479 caeli
2083 1422 2192 1481 sub
2233 1423 2490 1483 nubibus.

372 1544 813 1612 Consonantia
860 1546 1073 1612 finalis
1122 1560 1225 1613 est
1274 1550 1736 1636 contraposita,
1782 1550 2098 1615 interdum
2140 1551 2538 1637 imperfecta,
2585 1572 2748 1639 quae
2791 1552 2860 1615 in
2904 1550 3127 1616 carmi-

191 1648 401 1713 nibus
447 1648 772 1716 hibernice
828 1647 1084 1734 scriptis
1137 1649 1527 1737 frequentior
1582 1661 1707 1733 est,
1770 1662 1842 1717 ut
1882 1654 1950 1717 in
1996 1652 2242 1717 arcibus
2281 1653 2644 1735 minacibus,
2690 1652 2964 1717 cubiculo
3005 1652 3138 1713 vin-

191 1751 359 1830 cula,
404 1752 559 1814 solia
602 1750 925 1815 aethralia.
1016 1750 1286 1838 Singula
1328 1752 1735 1819 hemistichia
1780 1764 1928 1819 sunt
1969 1764 2336 1820 octonarum
2381 1755 2796 1839 syllabarum,
2853 1753 3137 1818 eiusdem

194 1852 481 1917 ambitus
538 1852 719 1917 cuius
778 1864 927 1917 sunt
980 1853 1357 1938 hymnorum
1411 1856 1981 1921 Ambrosianorum
2035 1856 2270 1942 singuli
2327 1856 2657 1939 versiculi,
2728 1855 2844 1922 sed
2893 1853 3016 1919 hac
3067 1875 3137 1918 re

194 1954 525 2036 differunt,
570 1953 742 2041 quod
783 1966 1051 2020 metrum
1095 1956 1355 2021 latinum
1400 1957 1505 2022 vel
1545 1969 1896 2045 temporum
1939 1956 2099 2022 ratio
2144 1958 2347 2023 omnis
2391 1958 2685 2045 neglecta
2725 1966 2841 2023 est.

380 2057 442 2121 N
444 2078 519 2121 ec
548 2055 733 2121 aliter
751 2057 1131 2141 Anonymus
1156 2058 1236 2122 ad
1257 2060 1662 2145 Anonymam
1684 2060 2134 2143 (Baldhardus,
2163 2070 2230 2125 ut
2255 2060 2524 2143 videtur,
2549 2060 2633 2127 ad
2651 2058 3138 2144 Berthgitham),

198 2158 267 2220 in
323 2159 631 2245 operibus
676 2158 744 2226 S.
792 2156 1119 2240 Bonifacii,
1168 2158 1264 2225 ed.
1312 2160 1515 2243 Giles,
1562 2162 1768 2229 Lond.
1825 2166 1999 2247 1844,
2047 2188 2110 2251 p.
2157 2164 2305 2228 280:

698 2284 704 2351 Ι
752 2277 897 2335 Vale
940 2278 1169 2337 Christo
1214 2290 1220 2359 Ι
1266 2280 1615 2357 virguncula,
1659 2293 1685 2361 ΙΙ
1730 2282 1952 2341 Christi
1989 2300 2200 2359 nempe
2239 2281 2556 2357 tyruncula,

621 2382 627 2449 Ι
672 2371 819 2429 Mihi
860 2390 1001 2429 cara
1044 2372 1053 2443 Ι
1097 2391 1433 2450 magnopere
1476 2385 1502 2453 ΙΙ
1548 2380 1719 2451 atque
1761 2395 1948 2451 gnara
1985 2376 2048 2435 in
2090 2396 2270 2453 opere,

620 2474 627 2544 Ι
672 2465 803 2524 Tibi
845 2466 1047 2525 laudes
1088 2466 1342 2537 conitexo
1408 2474 1414 2537 Ι
1459 2474 1634 2545 atque
1676 2472 1683 2541 Ι
1727 2477 1922 2547 grates
1959 2471 2018 2527 in
2065 2470 2072 2537 Ι
2115 2469 2363 2547 gemin0,

620 2562 628 2627 Ι
672 2561 865 2637 Teque
905 2578 1045 2639 rogo
1086 2579 1217 2619 cum
1260 2564 1267 2633 Ι
1310 2567 1571 2634 tremore,
1618 2559 1643 2631 ΙΙ
1694 2562 1701 2629 Ι
1744 2582 1896 2639 agna
1933 2562 2153 2621 Christi
2192 2580 2298 2639 pro
2341 2570 2348 2635 Ι
2393 2580 2599 2637 amore,

618 2654 767 2713 Vota
802 2654 983 2713 redde
1024 2673 1155 2713 cum
1194 2654 1413 2713 fervore
1456 2658 1483 2729 ΙΙ
1531 2654 1537 2721 Ι
1582 2654 1863 2715 altissimo
1900 2656 1964 2715 in
2007 2664 2016 2735 Ι
2059 2656 2302 2730 aethere,

627 2748 789 2821 Quae
832 2746 839 2816 Ι
890 2748 1219 2826 pepigimus
1266 2749 1273 2818 Ι
1315 2754 1541 2827 pariter,
1580 2746 1607 2815 ΙΙ
1652 2770 1972 2813 memorare
2010 2755 2297 2810 tenaciter.

406 2862 784 2949 Eodemque
828 2864 1017 2929 modo
1061 2862 1438 2950 Berthgitha
1480 2863 1563 2929 ad
1603 2862 2056 2945 Baldhardum,
2099 2864 2252 2929 ibid.
2295 2884 2358 2949 p.
2405 2863 2547 2929 273:

709 2994 714 3055 Ι
758 2982 905 3041 Vale
943 2982 1147 3041 vivens
1187 2982 1437 3054 feliciter,
1483 2986 1507 3055 ΙΙ
1550 2987 1618 3041 ut
1710 2982 1791 3041 sis
1828 2990 1847 3057 ΙΙ
1879 2990 2118 3041 ‘sanctus
2161 2990 2170 3059 Ι
2213 2982 2561 3060 simpliciter,

630 3080 763 3139 Tibi
804 3082 811 3149 Ι
858 3078 1013 3137 salus
1051 3096 1161 3155 per
1202 3080 1211 3147 Ι
1254 3076 1487 3137 saecula
1528 3076 1553 3145 ΙΙ
1594 3078 1886 3137 tribuatur
1921 3098 2028 3155 per
2067 3078 2336 3139 culmina.

624 3186 632 3253 Ι
678 3175 958 3233 Vivamus
1002 3177 1009 3245 Ι
1053 3173 1161 3231 soli
1205 3173 1437 3233 domino
1482 3175 1505 3251 ΙΙ
1554 3182 1562 3251 Ι
1608 3175 1785 3233 vitam
1830 3174 1836 3232 Ι
1883 3192 2111 3251 semper
2149 3177 2212 3232 in
2254 3177 2262 3246 Ι
2307 3174 2549 3232 saeculo,

386 3292 681 3377 Itemque
736 3286 959 3359 eadem
1010 3288 1259 3372 posu-ia
1309 3286 1480 3353 haud
1540 3288 1731 3353 dubie
1788 3286 2051 3370 (nomen
2101 3288 2172 3353 in
2222 3287 2642 3372 inscriptione
2695 3308 2818 3351 non
2869 3285 3148 3370 additur)

198 3398 289 3461 ad
338 3392 774 3460 Baldhardum
816 3392 885 3455 in
926 3392 1055 3455 fine
1101 3389 1397 3455 carminis
1440 3412 1503 3474 p.
1550 3390 1703 3452 27⁶2:

699 3512 857 3569 Have
902 3521 908 3591 Ι
965 3528 1091 3568 care
1136 3516 1139 3544 ¹
1186 3508 1485 3583 crucicola,
1532 3518 1554 3585 ΙΙ
1606 3518 1615 3588 Ι
1660 3507 1900 3568 salutate
1939 3528 1975 3567 a
2017 3518 2024 3587 Ι
2069 3526 2274 3580 sorore,

624 3616 633 3673 Ι
678 3606 821 3663 Fine
860 3612 1029 3662 tenus
1073 3606 1081 3676 Ι
1124 3604 1369 3677 feliciter,
1415 3608 1439 3680 ΙΙ
1488 3602 1494 3671 Ι
1536 3603 1751 3661 famam
1792 3602 1800 3671 Ι
1845 3620 2014 3661 serva
2057 3602 2063 3668 Ι
2109 3604 2454 3680 sinpliciter.

395 3718 697 3785 winfridi
741 3716 837 3800 (S.
870 3714 1215 3799 Bonifacii)
1258 3714 1465 3801 ipsius
1513 3714 1787 3799 epistula
1827 3716 2082 3801 poetica
2123 3714 2206 3780 ad
2245 3714 2658 3797 Nidhardum,
2705 3714 2947 3799 scripta
2987 3714 3158 3778 circa

192 3854 257 3895 a.
318 3824 477 3902 720,
524 3820 743 3886 induta
788 3826 889 3884 est
933 3816 1159 3882 eadem
1194 3816 1411 3881 forma.
1502 3812 1666 3882 Sunt
1708 3816 1894 3901 primi
1938 3836 2163 3883 versus
2211 3816 2302 3901 (p.
2352 3815 2495 3899 30):

781 3934 944 4005 Vale,
990 3944 999 4004 Ι
1042 3934 1234 4010 frater,
1282 3947 1305 4015 ΙΙ
1349 3934 1677 3993 florentibus
1723 3936 1747 4001 Ι“
1790 3934 2110 3994 iuventutis
2150 3952 2280 3993 cum
2321 3934 2548 4007 viribus,

710 4028 793 4087 Ut
833 4044 845 4105 Ι
883 4027 1089 4087 floreas
1130 4046 1258 4087 cum
1300 4027 1530 4087 domino
1576 4030 1599 4099 ΙΙ
1642 4025 1704 4085 in
1749 4038 1755 4080 Ι
1801 4029 2154 4106 sempiterno
2198 4034 2204 4103 Ι
2247 4028 2406 4103 solio,

708 4122 839 4196 Qua
876 4128 1159 4201 martyres
1198 4122 1259 4179 in
1306 4122 1313 4191 Ι
1357 4140 1528 4180 cuneo
1572 4122 1597 4199 ΙΙ
1640 4140 1836 4199 regem
1883 4135 1890 4203 Ι
1933 4130 2140 4181 canent
2178 4122 2457 4194 aethereo,

714 4217 1038 4295 Prophetae
1078 4216 1405 4294 apostolicis
1448 4225 1475 4295 ΙΙ
1525 4224 1533 4291 Ι
1578 4218 1976 4277 consonabunt
2011 4224 2072 4275 et
2108 4216 2393 4277 laudibus.

393 4346 839 4415 Consonantia
893 4346 1104 4411 finalis
1160 4344 1262 4409 hic
1317 4367 1443 4408 non
1492 4352 1664 4409 extat
1706 4344 1832 4409 nisi
1877 4345 2196 4431 bisyllaba
2241 4345 2342 4410 vel
2398 4342 2791 4429 frequentius
2834 4342 3158 4429 monosyl-

190 4458 387 4531 laba,
439 4472 603 4536 quae
649 4450 989 4514 coniuncta
1033 4469 1177 4511 cum
1224 4444 1449 4509 initiali
1498 4468 1631 4509 eam
1682 4447 2216 4511 constructionem
2265 4446 2568 4510 orationis
2615 4446 2902 4530 poeticae
2945 4444 3158 4525 efficit,

195 4578 391 4647 quae
442 4554 509 4616 in
553 4552 823 4615 vetustis
871 4548 1257 4615 carminibus
1301 4546 1629 4611 hibernice
1676 4558 1739 4613 et
1781 4547 2092 4612 cambrice
2139 4546 2396 4633 scriptis
2439 4570 2478 4611 a
2519 4545 2834 4631 principio
2879 4544 3056 4631 viget
3099 4556 3163 4611 et

190 4652 667 4726 communiter.

146 4740 156 4749 ⁵
398 4754 790 4822 Conferendi
850 4761 999 4819 sunt
1040 4750 1311 4817 Hiberni
1372 4748 1623 4815 exulis‘
1678 4772 1903 4817 versus
1950 4748 2029 4813 ad
2073 4748 2384 4814 Karolum
2427 4748 2871 4834 imperatorem
2931 4772 3007 4813 ex
3051 4772 3160 4814 ve-

358 5000 379 5019 ·
428 4998 497 5051 ib.
540 4999 643 5049 405
678 4999 787 5047 not.
821 4994 999 5047 ezrel:
1020 4992 1328 5059 peregrinus.
1398 4990 1541 5043 Mox:
1580 4990 1787 5053 Quanta
1822 4988 2158 5041 Hibernorum
2197 4986 2293 5041 sub
2327 4987 2642 5053 Karolingiis
2677 4988 2731 5039 in
2779 4986 2996 5061 Galliam
3033 4989 3162 5041 mul-

148 5056 161 5117 ’.
190 5072 395 5129 titudo
434 5065 663 5127 venerit,
699 5065 849 5125 testis
874 5068 973 5117 -est
1004 5064 1159 5115 etiam
1198 5060 1414 5113 Hericus
1452 5059 1731 5111 monachus
1766 5057 1821 5109 in
1856 5059 2005 5125 epist.
2043 5058 2110 5111 ad
2145 5056 2388 5109 Karolum
2439 5056 2648 5109 Calvum
2688 5072 2771 5123 ap.
2811 5056 2936 5109 Bon.
2973 5058 3068 5112 lul.
3105 5056 3162 5109 T.

190 5140 325 5196 VII.
370 5153 432 5207 p.
473 5138 604 5189 222:
649 5131 785 5197 Quid
810 5130 1111 5185 Hiberniam
1134 5144 1413 5190 memorent,
1453 5133 1729 5205 contempto
1763 5126 1938 5195 pelagi
1972 5124 2266 5179 discrimine
2295 5141 2457 5193 paene
2491 5130 2646 5179 totam
2683 5142 2796 5177 cum
2827 5140 2978 5197 φερε
2997 5124 3164 5193 philo·

2658 5224 2756 5279 eo·
