3717 5642
71 1010 73 1019 -
71 466 79 979 „v—m——q-——A-
72 442 74 445 A
71 352 73 355 v

638 382 763 447 948
808 384 949 446 (925)
1320 381 1434 447 VI.
1480 384 1541 447 2.
1616 398 2094 451 oonsrnucrto
2137 400 2426 449 poenos
2477 402 2861 451 mesmes.

640 593 813 651 tusto
860 586 1083 652 codice
1127 584 1439 651 Vaticano
1484 583 1761 669 (saeculi
1801 586 2000 653 ferme
2043 586 2302 668 decimi,
2347 588 2747 675 antiquorum
2789 596 3148 676 poematum
3187 585 3403 673 pleno)
3447 608 3526 672 ap.

634 687 718 752 A.
761 686 937 770 Mai„
978 688 1169 753 Auct.
1216 686 1426 754 Class.
1472 688 1532 768 5,
1578 687 1705 753 405
1750 708 1845 773 sq.
1935 686 2025 753 Et
2063 712 2128 775 p.
2172 688 2318 753 412.
2363 687 2444 754 V.
2517 690 2628 756 Ad
2671 690 2972 757 eundem:

1141 804 1149 875 Ι
1195 803 1429 879 Charta,
1474 806 1483 875 Ι
1527 804 1761 864 Christo
1802 804 1811 871 Ι
1858 808 2084 882 comite,
2130 806 2156 877 ΙΙ
2197 824 2304 884 per
2343 808 2572 867 telluris
2615 812 2856 887 spatium

1136 900 1213 959 ad
1256 902 1264 973 Ι
1309 899 1575 959 Caesaris
1615 900 1841 977 regium
1884 896 1908 966 ΙΙ
1954 920 2109 961 nunc
2149 910 2158 981 Ι
2201 920 2380 979 perge
2421 904 2438 961 1:
2475 902 2762 980 palatium.

1136 993 1253 1053 Fer
1294 997 1303 1069 Ι
1347 995 1594 1053 salutem
1635 994 1874 1054 Caesari
1916 995 1940 1065 ΙΙ
1984 1016 2053 1055 ac
2095 996 2104 1067 Ι
2147 995 2269 1054 suis
2308 992 2644 1075 agminibus,

1138 1088 1403 1165 gloriosis
1442 1090 1641 1169 pueris
1686 1090 1716 1159 ΙΙ
1760 1090 1767 1161 Ι
1808 1090 2100 1167 sacrisque
2137 1091 2462 1167 virginibus.

1137 1183 1252 1241 Via
1294 1182 1302 1253 Ι
1347 1202 1595 1262 pergens
1640 1182 1647 1251 Ι
1690 1203 1970 1262 prospera
2012 1188 2036 1259 ΙΙ
2081 1203 2188 1263 per
2225 1182 2448 1243 Christi
2487 1186 2762 1262 suffrayw

1024 1334 1033 1343 ,
1142 1276 1149 1343 Ι
1193 1296 1378 1355 prona
1416 1296 1609 1339 coram
1648 1278 1899 1338 Caesare
1941 1278 1970 1347 ΙΙ
2013 1278 2204 1361 πνειιῆπ».β
2227 1278 2389 1338 dicas
2429 1282 2584 1339 talia.

1137 1372 1265 1447 Dic,
1306 1380 1373 1433 ut
1413 1371 1422 1441 Ι
1466 1373 1683 1432 Caesar
1724 1370 1733 1440 Ι
1775 1372 2024 1431 Karolus
2067 1371 2092 1442 ΙΙ
2140 1372 2148 1441 Ι
2191 1374 2420 1450 perpeti
2463 1373 2472 1443 Ι
2519 1378 2816 1453 praeconio

1137 1468 1215 1527 sit
1254 1486 1447 1541 sanus,
1490 1467 1615 1545 [sit]
1658 1466 1992 1543 longaevus,
2038 1472 2061 1541 ΙΙ
2105 1467 2184 1525 sit
2225 1464 2234 1531 Ι
2275 1468 2418 1527 felix
2457 1470 2722 1530 victoria.

1138 1592 1146 1633 ι
1194 1561 1324 1637 Dic,
1364 1568 1638 1639 regnator
1674 1562 1934 1619 omninm‘
1977 1575 2000 1640 ΙΙ
2049 1565 2058 1635 Ι
2101 1561 2203 1621 det
2243 1572 2252 1643 Ι
2295 1562 2410 1623 sibi
2451 1565 2460 1635 Ι
2505 1566 2835 1637 subsidium,

1140 1666 1148 1735 Ι
1193 1658 1491 1729 confortet,
1534 1664 1543 1735 Ι
1588 1656 1894 1729 custodiat,
1937 1654 1963 1735 ΙΙ
2015 1656 2022 1721 Ι
2066 1655 2270 1715 dilatet
2307 1656 2626 1735 imperium.

1136 1751 1263 1826 Dic,
1304 1758 1371 1810 ut
1414 1759 1423 1825 Ι
1462 1750 1654 1810 fautor
1698 1756 1705 1823 Ι
1748 1750 1940 1809 fuerat
1981 1758 2008 1829 ΙΙ
2049 1749 2220 1809 iustis
2261 1752 2270 1825 Ι
2313 1751 2426 1809 rite
2469 1759 2478 1829 Ι
2520 1754 2759 1831 regibus,

1138 1854 1147 1923 Ι
1190 1846 1290 1904 fiat
1340 1851 1349 1921 Ι
1389 1844 1656 1903 Christus
1700 1844 1709 1916 Ι
1750 1845 1964 1904 Karolo
2007 1852 2034 1925 ΙΙ
2075 1862 2144 1903 ac
2183 1844 2298 1903 sibi
2339 1845 2347 1916 Ι
2390 1846 2657 1907 fidelibus.

1136 1940 1266 2015 Dic,
1308 1940 1532 2017 regales
1574 1938 1583 2011 Ι
1628 1940 1795 2019 pueri
1839 1938 1866 2011 ΙΙ
1907 1958 2014 2018 Per
2055 1936 2065 2005 Ι
2109 1938 2339 2017 prolixa
2376 1945 2562 2018 spatia

1134 2036 1253 2093 sint
1294 2032 1301 2100 Ι
1346 2034 1491 2109 sani,
1533 2035 1651 2093 sint
1688 2034 1977 2112 longaevi,
2027 2036 2050 2107 ΙΙ
2097 2036 2104 2105 Ι
2150 2033 2452 2093 salvatoris
2491 2038 2688 2111 gram.

1135 2128 1267 2190 Sint
1304 2148 1545 2187 coronae
1583 2129 1781 2207 regiae
1826 2125 1849 2195 ΙΙ
1885 2124 1894 2195 Ι
1939 2128 2123 2206 digni,
2165 2129 2176 2201 Ι
2220 2128 2333 2203 dic,
2372 2128 2699 2203 honoribus,

1138 2224 1145 2292 Ι
1188 2223 1387 2282 felices
1427 2242 1495 2281 ac
1530 2220 1545 2289 Ι
1588 2223 1835 2282 victores
1881 2223 1906 2291 ΙΙ
1953 2222 2230 2301 genitoris
2267 2222 2537 2281 moribus.

1134 2317 1451 2395 Regalibus
1489 2318 1721 2396 puellis,
1770 2313 1795 2384 ΙΙ
1838 2316 1952 2390 dic,
1991 2316 2094 2375 fiat
2136 2325 2143 2396 Ι
2187 2318 2512 2394 sublimitas,

1136 2410 1227 2477 isit
1268 2411 1275 2483 Ι
1321 2418 1534 2486 sancta,
1578 2413 1655 2471 sit
1694 2419 1703 2489 Ι
1746 2411 1956 2485 sobria,
2000 2419 2025 2489 ΙΙ
2069 2412 2148 2469 sit
2190 2413 2197 2481 Ι
2241 2431 2376 2471 vera
2417 2412 2426 2483 Ι
2467 2413 2777 2491 virginitas.

1183 2506 1452 2567 Christus
1492 2514 1649 2567 amat
1690 2506 1699 2576 Ι
1743 2506 2001 2583 virgines
2044 2511 2068 2583 ΙΙ
2113 2512 2346 2583 propter
2389 2514 2396 2585 Ι
2441 2508 2846 2582 castimoniam,

1132 2603 1235 2662 dat
1270 2602 1390 2663 illis
1429 2621 1601 2679 quam
1640 2602 1987 2680 promiserat
2025 2600 2162 2681 (leg.
2203 2602 2279 2661 -it
2289 2600 2344 2679 ?)
2388 2606 2413 2675 ,Ι
2455 2601 2516 2660 in
2559 2599 2567 2667 Ι
2610 2600 2802 2660 futuro
2843 2600 3094 2679 gloriam.

1132 2710 1139 2777 Ι
1186 2696 1321 2772 Dic,
1362 2702 1627 2774 protegat
1668 2701 1677 2769 Ι
1723 2695 1992 2755 dominus
2035 2694 2060 2764 ΙΙ
2106 2696 2191 2755 sic
2229 2694 2478 2753 Francos
2517 2700 2836 2771 armigeros,

1132 2811 1347 2870 regem,
1395 2801 1401 2869 Ι
1445 2792 1682 2865 clerum,
1726 2788 1734 2855 Ι
1780 2790 2040 2865 comites,
2083 2800 2108 2871 ΙΙ
2154 2788 2371 2847 milites
2409 2788 2721 2867 belligeros.

998 2958 1017 2975 .
1129 2886 1271 2947 Post
1306 2886 1469 2960 haec,
1512 2897 1521 2963 Ι
1568 2885 1785 2969 charta,
1830 2892 1838 2961 Ι
1882 2883 2192 2945 Caesarem
2233 2894 2258 2962 ΙΙ
2299 2890 2500 2961 rogato
2545 2894 2551 2959 Ι
2598 2889 2880 2959 continuo,
2937 2898 2941 2901 ’

1133 2984 1207 3041 de
1252 2994 1261 3063 Ι
1305 3000 1398 3041 me
1440 2989 1451 3058 Ι
1494 2978 1715 3039 Christi
1756 2979 1988 3039 servulo
2031 2988 2056 3058 ΙΙ
2102 2979 2179 3038 sit
2219 2988 2228 3057 Ι
2271 2997 2493 3037 memor
2533 2983 2756 3055 exiquo.

794 3096 989 3162 Metri
1070 3093 1422 3162 usitatioris
1442 3142 1459 3175 ,
1536 3114 1680 3159 cum
1752 3091 2171 3159 consonantia
2231 3088 2598 3177 copulativa
2657 3090 3025 3179 trisyllaba,
3107 3098 3386 3183 perfecta
3451 3108 3552 3163 aut

629 3198 1017 3285 imperfecta.

792 3300 871 3365 In
934 3299 1159 3365 eodem
1209 3306 1381 3363 tomo
1422 3320 1466 3362 a
1519 3318 1665 3382 pag.
1718 3297 1843 3361 426
1899 3294 2204 3361 Iohannis
2261 3292 2438 3361 Scoti
2497 3294 2802 3379 carmina,
2881 3298 3162 3365 disticha
3213 3302 3316 3369 vel
3365 3301 3552 3366 bexa-

626 3412 840 3483 metra,
888 3402 955 3465 in
1000 3400 1234 3486 quibus
1279 3398 1498 3463 insunt
1540 3397 1798 3485 saepius
1828 3419 2060 3483 graeca
2089 3394 2418 3477 vocabula,
2461 3395 2779 3463 interdum
2807 3422 3036 3466 versus
3063 3401 3298 3489 integri
3323 3401 3552 3489 graeci.

791 3502 980 3568 Hanc
1023 3503 1286 3568 formam
1330 3500 1635 3567 orationis
1678 3500 1972 3586 poeticae
2002 3497 2146 3585 quis
2189 3497 2409 3564 credat
2437 3519 2582 3563 csse
2613 3508 2812 3566 ortam
2839 3501 3110 3587 primum
3139 3504 3310 3591 apud
3334 3514 3556 3591 poetas

621 3606 1003 3671 christianos
1060 3602 1343 3668 finientis
1398 3602 1649 3687 imperii
1690 3600 1962 3667 Romani
2017 3611 2084 3665 et
2123 3599 2433 3665 transisse
2493 3600 2576 3665 ad
2618 3600 2867 3669 Bar-dos
2913 3602 3330 3670 Cambrorum
3391 3617 3460 3671 et
3496 3606 3554 3669 in

620 3708 902 3773 carmina
955 3706 1222 3792 gentilia
1278 3702 1874 3787 Scandinavorum?
1967 3701 2358 3767 Allitteratio
2413 3712 2621 3767 autem
2689 3704 2744 3769 si
2800 3706 3062 3792 propria
3109 3706 3416 3773 habenda
3469 3718 3558 3772 est

618 3808 818 3873 forma
870 3808 1125 3895 poetica
1177 3805 1645 3872 Germanorum
1697 3803 1824 3869 iam
1877 3804 2148 3869 vetustis
2203 3802 2634 3888 temporibus,
2693 3804 2818 3871 iam
2863 3817 2994 3870 tum
3040 3827 3181 3871 cum
3231 3800 3558 3873 '‘celebra-

616 3910 771 3973 bant
813 3908 1196 3974 carminibus
1242 3906 1552 3991 antiquis,
1613 3906 1785 3990 quod
1828 3928 2024 3970 unum
2069 3903 2239 3991 apud
2282 3902 2428 3969 illos
2473 3905 2812 3971 memoriae
2857 3916 2933 3991 'et
2975 3908 3307 3973 annalium
3351 3930 3552 3996 genus

620 4001 827 4091 erat,”
880 4010 1091 4095 gentis
1152 4004 1307 4073 suae
1352 4006 1716 4073 conditores
1738 4054 1756 4086 ,
1816 4005 2241 4071 consonantia
2291 4004 2516 4071 eadem
2559 4008 2908 4073 coniuncta
2949 4029 3090 4075 cum
3143 4009 3332 4075 finali
3377 4021 3558 4097 atque

616 4110 993 4175 intermedia
1042 4107 1327 4197 putanda
1383 4116 1484 4173 est
1536 4108 1801 4173 celticae
1864 4106 2170 4172 orationis
2226 4107 2517 4191 poeticae
2573 4110 2780 4175 'forma
2821 4111 3088 4197 antiqua
3139 4110 3320 4177 culta
3361 4112 3488 4177 iam
3525 4134 3560 4174 a

616 4208 849 4276 Bardis
894 4220 958 4275 et
1001 4209 1291 4276 Druidis.
1377 4209 1575 4296 Apud
1616 4208 1945 4274 Hibernos
1991 4219 2056 4272 et
2099 4205 2411 4274 Cambros
2469 4218 2693 4295 poetas
2739 4210 2946 4276 eidem
2991 4210 3342 4279 adiunctus
3389 4234 3560 4299 repe-

615 4314 775 4376 ritur
819 4314 1237 4382 communiter
1281 4311 1567 4397 aequalis
1612 4332 1910 4375 versuum
1955 4308 2228 4373 ambitus
2274 4317 2338 4371 et
2381 4320 2592 4377 certus
2637 4312 3028 4397 syllabarum
3067 4336 3385 4381 numerus
3429 4337 3556 4379 cum

618 4424 791 4477 certa
838 4437 1133 4479 versuum
1177 4413 1628 4493 collocatione,
1693 4433 1835 4476 cum
1895 4410 2072 4475 latini
2129 4418 2359 4495 poetae
2417 4411 2754 4478 imitationi
2813 4414 3072 4501 saepius
3115 4414 3331 4481 latina
3373 4426 3558 4483 metm

624 4515 1110 4600 supposuerint3
1158 4516 1302 4601 quis
1348 4514 1604 4580 easdem
1649 4513 1886 4578 formas
1929 4508 2138 4577 Gallis
2185 4510 2476 4595 cognitas
2517 4514 2814 4599 negarit?

786 4616 1127 4701 Superest,
1183 4626 1251 4680 ut
1306 4618 1636 4700 utriusque
1680 4614 1890 4699 gentis
1936 4612 2204 4677 celticae
2249 4611 2591 4679 hodiernae
2634 4615 2900 4680 formam
2943 4618 3294 4703 poeticam,
3341 4644 3556 4686 conso-

578 4718 877 4799 ,nantiae
936 4718 1102 4782 omni
1167 4738 1399 4802 genere
1459 4724 1777 4795 ornatam,
1832 4712 2219 4778 illustremus
2275 4714 2589 4799 exemplis
2655 4717 2926 4783 vetustis
2995 4719 3208 4805 patrio
3273 4744 3554 4788 sermone-

614 4818 1013 4905 compositis.

610 5026 885 5103 sophorum}
918 5023 993 5076 ad
1025 5022 1181 5104 ζίιοζα
1200 5027 1394 5102 ’nostra
1435 5003 1769 5101 mt'yrantegn?
1812 5034 2029 5091 quoru-m
2062 5020 2292 5088 quisquis
2325 5020 2542 5087 peritior
2564 5028 2664 5102 test,
2701 5020 2840 5073 ula-o
2871 5020 2977 5074 sibi
3009 5022 3210 5078 indicit
3243 5028 3472 5093 acilius,
3501 5037 3550 5080 α

610 5088 1698 5229 ..mmmmm
1716 5088 2042 5219 ξιξ,
2062 5087 2918 5223 ,,,,,ιϊξι,,09
3379 5096 3546 5151 ⁶00*
