3717 5642
531 316 696 381 1048
756 316 1140 379 (tow—1072)
1191 330 1556 381 Arrnnmx.
1631 331 1961 381 srnomsn
2008 331 2274 381 oon101s
2316 331 2663 381 ammarum
2704 331 2813 381 cn.

530 500 914 567 delationem
932 512 959 540 ⁸
1003 500 1345 583 habebunt,
1393 523 1555 587 quae
1585 501 1750 567 solet
1774 500 2130 569 iudiciariis
2157 500 2705 587 inquisitionibus¹
2728 506 2751 543 ¹
2804 501 3168 583 admoveri3
3208 505 3409 587 quos²²

523 602 782 687 gravius
827 608 1117 669 manere²
1133 604 1157 644 ³
1223 602 1606 689 supplicium
1657 626 1774 689 per
1814 602 1939 669 hoc
1980 604 2327 697 indicatqr,
2383 605 2553 689 quod
2598 602 2811 669 statim
2870 611 2937 669 et
2980 602 3159 669 velut
3208 602 3423 669 adeele-

525 708 694 768 rata¹
711 708 738 745 ⁴
791 704 1111 770 sententia
1161 704 1228 769 in
1271 704 1481 771 locum
1523 704 1766 771 meritis
1811 706 1947 771 suis
2002 705 2282 772 debitum
2338 715 2402 770 et
2453 705 2524 771 in
2569 703 2857 770 ultimum
2916 704 3421 771 contrudentur-¹⁵

530 804 848 869 exitium.1
921 803 1011 870 Et
1050 804 1198 871 ideo
1241 828 1374 873 non
1419 806 1580 871 dixit
1625 806 1973 889 absolute,²
2022 830 2153 871 non
2192 817 2559 893 resurgent,
2606 805 2725 873 sed
2764 804 3035 887 addidit,
3080 805 3151 870 in
3193 806 3436 885 iudicio,

532 904 656 971 hoc
699 915 815 985 est,
862 928 992 972 non
1021 917 1360 992 resurgent
1401 910 1482 975 ad
1517 907 2112 990 examinationem,³
2165 908 2281 974 sed
2307 918 2661 995 resurgent,
2704 917 2774 972 ut
2816 908 3037 974 statim
3080 908 3445 973 sententiam

531 1009 958 1076 damnationis
1014 1007 1392 1095 excipiant*
1475 1009 1566 1075 Et
1617 1032 1703 1075 ne
1743 1008 1908 1075 forte
1964 1030 2044 1075 ex
2086 1011 2405 1076 communi
2446 1009 2934 1077 resurrectionis
2976 1009 3243 1075 nomine
3296 1030 3449 1074 com·

529 1133 787 1176 munem
831 1111 1276 1177 aestimantes-'³
1330 1112 1520 1177 etiam
1561 1110 2001 1199 expulsionem
2043 1108 2311 1175 futuram
2356 1134 2501 1179 esse
2546 1121 2935 1195 cunctorum,
2980 1109 3273 1179 ostendit
3310 1132 3449 1195 quo-

529 1212 745 1278 niamb
793 1211 862 1277 in
903 1213 1128 1279 eodem
1168 1221 1489 1279 momento
1529 1211 2019 1279 resurrectionis
2060 1234 2291 1298 magna
2332 1212 2544 1279 futura
2584 1213 2670 1279 sit
2712 1212 3087 1295 diversitas,
3108 1224 3136 1253 ⁶
3185 1222 3261 1277 nt
3298 1212 3445 1277 alius

527 1338 645 1403 per
687 1316 862 1382 illam
907 1312 990 1380 ad
1019 1312 1325 1382 honorem
1368 1315 1765 1401 perducatur,
1814 1313 1978 1379 alius
2008 1313 2289 1381 mittatur
2330 1314 2399 1379 in
2427 1336 2717 1400 poenam.
2804 1312 2952 1379 Erit
2993 1337 3150 1402 ergo
3183 1317 3449 1401 pretiosa

531 1418 676 1484 aliis
721 1429 786 1483 et
827 1416 1334 1499 remunerabilis,
1381 1415 1527 1483 aliis
1566 1417 1784 1503 gravis
1827 1424 2019 1501 atque
2060 1415 2383 1483 terribilis.
2471 1416 2651 1481 Bene
2694 1436 2847 1501 ergo
2886 1416 3057 1481 inter
3085 1416 3357 1503 impium
3394 1428 3449 1479 et

534 1528 939 1605 peccatorem
979 1518 1133 1583 fecit
1176 1517 1617 1600 differentiam,
1664 1528 1729 1584 et
1771 1518 2001 1605 impios
2046 1518 2298 1603 quidem
2344 1518 2434 1583 ait
2476 1519 2545 1583 in
2587 1517 2893 1584 iudicium
2934 1539 3069 1583 non
3110 1540 3451 1603 resurgere,

531 1620 599 1685 id
645 1630 761 1702 est,
808 1630 878 1685 ut
920 1620 1214 1707 superius
1261 1618 1558 1702 diximus,
1602 1642 1734 1687 non
1779 1620 1848 1685 in
1880 1620 2411 1685 examinationem
2453 1619 2690 1701 venire,
2740 1629 3116 1705 peccatores
3148 1630 3359 1685 autem
3396 1620 3453 1685 in

541 1720 817 1788 concilio
861 1721 1200 1803 iustorum,
1245 1720 1368 1789 hoc
1414 1730 1542 1805 est,
1589 1734 1658 1787 ut
1699 1722 1879 1788 nulla
1918 1722 2052 1789 illis
2096 1721 2182 1787 sit
2237 1722 2307 1787 in
2347 1722 2659 1787 iustorum
2698 1722 3254 1788 remuneratione⁶
3302 1744 3457 1787 com-

536 1822 768 1889 munio.
861 1820 1218 1889 Tra-dentur
1263 1846 1412 1910 ergo
1458 1833 1522 1889 et
1561 1824 1692 1911 ipsi
1735 1822 2105 1910 suppliciis;
2150 1844 2301 1889 nam
2342 1823 2453 1909 qui
2494 1846 2613 1910 per
2652 1831 2923 1909 peccata
2966 1822 3389 1889 excluduntur
3424 1846 3459 1889 a
3629 1812 3635 1851 ¹

532 1924 835 2012 praemiis
855 1975 872 2006 ,
919 1948 998 1991 ea
1041 1926 1181 1991 sine
1226 1924 1447 2007 dubio,
1495 1948 1658 2011 quae
1705 1934 1853 1991 sunt
1895 1924 2197 2012 praemiis
2245 1924 2532 2007 diversa,
2587 1924 2927 2010 patientur.
3012 1924 3097 1991 In
3142 1925 3269 1991 hoc
3322 1948 3459 2011 ergo

540 2026 660 2094 erit
705 2026 1060 2093 differentia
1073 2079 1090 2111 ,
1147 2036 1218 2093 ut
1257 2028 1438 2117 impii
1491 2026 1748 2114 quidem
1787 2035 2127 2113 resurgant
2176 2050 2307 2093 non
2353 2027 2736 2093 discutiendi
2752 2031 2804 2109 ,⁷
2874 2027 2991 2093 sed
3034 2026 3261 2093 statim
3311 2026 3459 2092 locis

537 2128 825 2195 tristibus
889 2128 1267 2215 deputandi,
1325 2141 1698 2217 peccatores
1758 2153 1945 2211 vero,
2004 2137 2073 2193 ut
2134 2128 2313 2193 nulla
2365 2128 2555 2195 iustis
2616 2129 3061 2195 communione
3114 2128 3461 2215 iungantur.

537 2228 684 2296 Hoc
739 2240 947 2295 autem
1005 2230 1522 2299 manifestissime
1541 2233 1568 2271 ‘¹
1619 2256 1701 2300 ex
1739 2233 1842 2298 his
1888 2254 2051 2319 quae
2094 2240 2444 2317 sequuntur
2487 2231 2872 2297 ostenditur:
2940 2230 3247 2317 quoniam
3298 2230 3467 2295 novit

537 2332 830 2399 dominus
876 2332 1044 2398 viam
1085 2332 1424 2415 iustorum,
1469 2333 1537 2399 id
1583 2342 1711 2416 est,
1757 2330 2057 2420 placitam
2100 2331 2225 2398 sibi
2270 2344 2335 2397 et
2375 2344 2709 2417 acceptam
2752 2354 2900 2400 esse
2941 2332 3466 2399 remunerationis

545 2434 910 2501 testimonio
965 2433 1365 2521 perdocebit:
1437 2444 1502 2501 et
1542 2435 1665 2500 iter
1705 2434 2039 2521 impiorum
2081 2432 2371 2519 peribit.⁸
2465 2434 2621 2499 Ideo
2664 2434 2859 2520 igitur
2912 2457 3045 2500 non
3090 2444 3461 2519 resurgunt⁶

539 2536 753 2623 impii,
815 2536 968 2621 quia
1019 2536 1300 2601 omnium
1352 2536 1492 2603 viae
1538 2535 1823 2623 perfecta
1876 2537 1979 2603 dei
2034 2535 2263 2602 notitia
2313 2535 2751 2619 continentur,
2810 2546 3004 2623 atque
3046 2538 3133 2603 ab
3176 2536 3305 2603 hoc
3346 2536 3473 2603 sine

543 2638 677 2705 ulla
720 2639 1038 2707 delatione
1055 2638 1077 2677 s
1130 2638 1664 2705 resurrectionem
1708 2662 1925 2707 eorum
1968 2637 2261 2707 condicio
2309 2646 2373 2702 et
2418 2659 2557 2704 sors
2604 2637 2802 2723 digna
2838 2638 3185 2725 suscipiet.

807 2996 897 3073 G.
986 2998 1435 3098 Specimen
1487 2998 1995 3097 glossarum
2052 2996 2399 3072 codicis
2448 2995 3212 3087 Garlisruhensis.

1015 3181 1273 3249 Bedae
1317 3182 1582 3268 capita
1623 3182 2009 3268 quaedam
2051 3181 2549 3248 luculentius
2596 3180 2983 3266 glossata.

709 3350 812 3418 De
853 3361 1080 3417 natura
1120 3374 1328 3417 rerum
1371 3374 1512 3439 cap.
1547 3350 1622 3417 V.
1709 3350 1812 3417 De
1855 3352 2267 3417 firmamento.
2358 3348 2625 3417 Caelum
2670 3350 2923 3416 subtilis
2966 3348 3333 3437 igneaeque
3373 3372 3487 3415 na-

545 3462 726 3518 turae
770 3452 1230 3539 rotundumque
1287 3464 1352 3518 et
1407 3476 1446 3518 a
1487 3460 1704 3519 centro
1749 3461 1956 3517 terrae
2013 3452 2235 3539 aequis
2280 3452 2505 3539 spatiis
2556 3452 2833 3538 undique
2876 3451 3260 3533 collectum,
3320 3450 3489 3517 unde

544 3564 644 3620 est
693 3564 757 3620 et
787 3575 1139 3619 convexum
1183 3554 1590 3639 mediumque
1634 3575 2014 3641 quacunque
2059 3565 2371 3621 cernatur.
2446 3554 2897 3621 Inenarrabili¹
2956 3552 3291 3620 celeritate
3334 3575 3491 3640 quo-

545 3656 703 3722 tidie
751 3654 1099 3741 circumagi
1145 3656 1470 3741 sapientes
1513 3656 1734 3721 mundi
1777 3655 2092 3738 dixerunt,
2138 3656 2229 3723 ita
2272 3664 2343 3721 ut
2382 3665 2616 3737 rueret,
2660 3656 2717 3722 si
2758 3679 2889 3722 non
2931 3656 3335 3743 planetarum
3386 3678 3493 3721 oc-

548 3778 744 3822 cursu
786 3755 1168 3837 moderetur,
1213 3768 1582 3843 argumento
1629 3757 1906 3823 siderum
1950 3758 2246 3840 nitentes,
2293 3781 2454 3845 quae
2498 3760 2628 3839 fixo
2674 3780 2925 3845 semper
2968 3778 3169 3823 cursu
3210 3757 3493 3823 circum-

546 3858 778 3940 volant,
829 3858 1438 3943 septentrionalibus
1484 3860 1810 3926 breviores
1852 3860 2082 3945 gyros²
2138 3860 2308 3926 circa
2350 3860 2672 3926 cardinem
2716 3858 3194 3946 peragentibus.
3288 3858 3497 3925 Cuius

550 3961 818 4025 vertices
863 3968 1201 4042 extremoS,
1249 3984 1412 4047 quos
1457 3961 1660 4027 circa³
1711 3960 1985 4047 sphaera
2028 3962 2190 4027 caeli
2234 3961 2533 4043 volvitur,
2578 3960 2762 4046 polos
2790 3968 3185 4046 nuncupant,
3230 3961 3497 4046 glaciali

545 4062 755 4147 rigore
795 4063 1104 4128 tabentes.
1198 4062 1444 4128 Horum
1503 4084 1665 4127 unus
1721 4062 1802 4127 ad
1846 4064 2407 4148 septentrionalem
2466 4062 2721 4149 plagam
2774 4082 3175 4146 consurgens
3234 4062 3493 4141 boi-ew,

547 4162 705 4229 alter
750 4162 1032 4229 devexus
1076 4164 1144 4228 in
1190 4178 1441 4230 austros
1484 4173 1820 4250 terraeque
1865 4164 2200 4250 oppositus
2245 4164 2541 4230 australis
2584 4173 2877 4245 vocatur,
2934 4185 3127 4249 quem
3171 4162 3489 4228 interiora

549 4265 748 4331 austri
795 4266 1110 4353 scriptura
1155 4275 1380 4333 sancta
1419 4264 1722 4331 nominat.

625 4450 1124 4587 dilatidssationem
1231 4454 1267 4510 b
1317 4452 1470 4530 quod
1571 4469 1602 4509 c
1656 4450 1986 4509 differentia
2080 4452 2119 4510 d
2160 4450 2521 4511 manifestius
2615 4470 2648 4506 e
2706 4452 2842 4509 add.
2882 4450 2957 4507 ad
3000 4450 3503 4509 examinationem

551 4548 584 4585 e
711 4546 746 4585 a
792 4546 902 4589 one

695 4751 748 4798 11
794 4742 980 4797 bonaib
1015 4742 1133 4809 iars
1173 4742 1184 4753 '
1213 4742 1317 4795 thil,
1349 4741 1558 4796 macida>
1635 4748 1693 4795 12
1729 4742 1992 4797 sunamitin
2065 4746 2126 4795 13
2164 4758 2419 4795 aranos-m
2494 4746 2551 4793 14
2592 4740 2708 4793 dein
2780 4746 2841 4795 15
2876 4739 3135 4808 roiekfitoe·

689 4814 820 4875 (15⁶)
899 4820 918 4864 1
958 4758 1212 4864 iad-taem&
1251 4817 1279 4863 2
1318 4812 1367 4866 .ἑ.
1404 4811 1460 4863 m'
1495 4810 1665 4865 ‹lilaeud
1695 4813 1877 4882 esoeryi
1910 4811 2155 4865 asrubart
2187 4828 2296 4863 som

690 4886 721 4933 3
757 4880 822 4935 do
845 4898 943 4933 mese
1013 4884 1046 4933 4
1083 4880 1364 4948 coarsemat
1433 4886 1462 4933 ὁ
1500 4882 1576 4945 (in
1603 4884 1779 4950 marg.)
1815 4881 2111 4935 nadnetmat'
2144 4878 2566 4932 andumemmmi
2599 4880 2650 4933 .i.
2677 4879 3169 4931 arnatomnmnarni
3233 4885 3267 4932 6
3308 4880 3499 4933 kinad-

553 4950 713 5002 nacul
728 4949 1007 5018 fockraicc
1078 4955 1104 5000 7
1145 4948 1372 5002 αναηιὺεί
1406 4950 1578 5003 8εαίιεί
1644 4956 1674 5003 8
1713 4952 1763 5004 .i.
1799 4950 1961 5003 lauare
1994 4948 2253 5004 nadrobcie
2287 4950 2343 5001 ni
2377 4948 2446 5001 do
2480 4947 2763 5018 deynimaib
2800 4948 2879 5001 teu

691 5042 792 5107 (Or.
833 5044 943 5106 18⁵)
1017 5050 1040 5095 l
1079 5042 1146 5095 isi
1180 5042 1338 5095 ade'ne
1370 5044 1446 5108 (in
1480 5044 1590 5098 cod.
1626 5044 1900 5098 inerrabili
1932 5045 2205 5107 celeritate)

693 5116 724 5164 2
761 5126 890 5164 enm
957 5116 988 5164 3
1025 5110 1306 5165 ὼὲηωυίάίὀ
