3717 5642
60 177 68 220 —-
60 20 70 166 ——q-nm-

601 383 724 444 754
787 383 930 444 (716)
1225 379 1339 446 IV.
1384 383 1442 445 4.
1515 399 1941 448 mancam
1984 401 2368 450 NEGATIVAR
2412 399 2891 447 nnrrfflmom.
2944 423 2952 432 «

593 567 906 650 pandaeth
953 589 1035 651 φ·
1083 589 1236 653 yaer
1278 568 1508 652 nadyn.
1564 591 1650 632 na
1691 569 1824 634 mil.
1884 593 2005 634 nar
2051 569 2221 634 baed.
2278 591 2399 632 nar
2441 591 2590 632 own.
2642 591 2729 632 na
2774 567 2895 652 thy.
2956 587 3077 630 nac
3128 565 3343 630 anlzed.
3397 585 3501 648 τιμε

594 667 804 751 ywelez‘
837 689 965 752 yny
1001 691 1153 754 quer
1197 669 1370 752 (cum
1411 669 1700 734 venisset
1741 669 1822 734 ad
1853 680 2147 751 castrum,
2193 693 2317 736 nec
2357 669 2675 736 hominem
2720 690 2843 735 nec
2874 667 3108 733 animal
3147 689 3267 732 nec
3293 688 3499 753 aprum

597 790 718 832 nec
775 790 966 833 canes
1021 793 1142 835 nec
1188 771 1440 836 domum
1499 794 1620 838 nec
1663 771 2117 838 habitationem
2173 772 2433 838 videbat
2486 771 2553 836 in
2598 769 2837 853 castro)
2882 770 2941 852 3,
2988 771 3131 834 151.
3194 791 3277 853 ny
3331 779 3402 830 at
3430 789 3503 852 φ·

595 893 792 934 arueu
834 874 1156 938 estronawl
1193 896 1391 938 mawr
1431 895 1608 938 raeco
1651 874 1818 938 welet
1859 896 1977 938 nae
2015 873 2223 958 wyneb
2266 875 2342 958 ef
2370 895 2487 938 nae
2517 873 2655 958 bryc
2698 872 2854 956 (non
2888 871 3105 936 sinunt
3145 894 3319 935 arma
3358 869 3505 934 mira

594 994 826 1056 magna
867 972 977 1036 illa
1020 975 1224 1040 videri
1265 997 1387 1040 nec
1431 976 1677 1040 vultum
1717 977 1891 1042 illius
1936 998 2058 1042 nec
2098 976 2395 1056 formam)
2442 975 2498 1056 2,
2536 975 2631 1038 10.

773 1072 1115 1140 Cornica
1141 1102 1224 1141 na
1271 1099 1521 1163 semper
1562 1076 1909 1163 respondet
1952 1099 2147 1162 germ.
2177 1077 2348 1158 noch,
2396 1085 2505 1140 aut
2536 1073 2953 1140 antecedente
2992 1073 3259 1140 formula
3302 1098 3383 1138 na
3408 1071 3507 1156 ny!

597 1175 821 1258 (germ.
845 1177 1065 1259 weder,
1111 1177 1188 1242 cf.
1219 1203 1280 1262 p.
1313 1179 1470 1263 403)
1515 1189 1624 1243 aut
1666 1179 2025 1266 singularis,
2075 1179 2211 1244 sive
2241 1177 2567 1265 praecedit
2595 1175 2849 1260 negatio
2894 1177 3090 1242 verbo
3122 1176 3337 1242 addita
3376 1174 3504 1238 sive

596 1277 914 1361 sequitur:
962 1279 1078 1340 den
1119 1279 1260 1363 vytlz
1301 1303 1384 1364 ny
1423 1281 1493 1363 μί
1535 1294 1815 1366 amontye
1855 1305 1941 1344 na
1985 1279 2227 1343 lenerell
2267 1302 2401 1342 war
2430 1301 2604 1342 anow
2648 1279 2864 1360 (nemo
2894 1287 3109 1364 potest
3152 1287 3505 1364 computare

599 1400 719 1442 nec
765 1378 974 1442 dicere
1019 1378 1158 1460 ore)
1211 1377 1284 1444 P.
1329 1383 1429 1462 59,
1473 1382 1530 1446 3.
1599 1382 1910 1467 nyniouqh.
1952 1381 2014 1444 ol
2052 1381 2136 1444 da
2185 1405 2270 1444 na
2312 1381 2479 1446 whelc
2534 1380 2693 1465 (non
2736 1401 2955 1444 omnes
3001 1381 3160 1446 estis
3202 1377 3354 1445 boni
3394 1397 3507 1440 nec

597 1479 847 1564 dulces)
893 1481 992 1560 47,
1027 1481 1084 1545 2.
1149 1494 1291 1566 ‘mm
1333 1505 1416 1552 πᾳ
1471 1504 1540 1545 as
1581 1494 1745 1568 troya
1798 1506 1885 1546 na
1937 1481 2083 1564 leyff
2128 1505 2213 1546 na
2268 1503 2337 1545 vo
2376 1482 2591 1568 yollzys
2646 1479 2830 1566 (mihi
2882 1479 3017 1544 noli
3070 1481 3357 1546 omittere
3400 1499 3505 1564 pe·

596 1581 740 1645 dem
780 1602 901 1646 nec
941 1604 1232 1662 manum,
1285 1583 1439 1668 quin
1481 1583 1758 1668 lavetur)
1812 1586 1917 1664 46,
1963 1587 2022 1648 4.
2089 1584 2199 1646 dal
2240 1607 2325 1648 na
2370 1583 2557 1666 bo3ar
2610 1605 2697 1668 ny
2738 1603 2839 1646 ase
2876 1604 3003 1667 naq
3044 1581 3321 1646 omlanas
3362 1603 3509 1664 nay-

597 1703 753 1746 onon
795 1707 880 1746 na
909 1683 1057 1767 claff
1095 1684 1234 1768 vytlt
1277 1705 1366 1747 ow
1411 1685 1695 1748 crowetlze
1737 1707 1881 1750 mar
1918 1677 2064 1770 pesy
2106 1709 2149 1748 a
2192 1684 2330 1746 leun
2369 1685 2550 1770 yolon
2596 1684 2887 1768 (caecum
2932 1692 3039 1748 aut
3084 1681 3345 1748 surdum
3386 1701 3509 1743 non

593 1783 861 1864 sinebat,
909 1793 978 1847 ut
1019 1805 1150 1847 non
1181 1793 1526 1867 sanaretur,
1573 1808 1694 1850 nec
1723 1809 1915 1851 unum
1958 1807 2079 1851 nec
2109 1794 2437 1870 aegrotum
2482 1808 2863 1872 quemquam
2904 1784 3239 1866 iacentem,
3286 1781 3341 1848 si
3376 1803 3511 1848 ora-

587 1885 698 1950 bat
739 1886 931 1970 pleno
976 1885 1196 1970 corde)
1242 1887 1340 1967 25,
1374 1887 1431 1950 2.
1463 1889 1520 1952 3.

754 1987 1218 2052 Aremorica
1257 1986 1570 2074 particula
1609 1997 1738 2052 tam
1779 1987 2006 2054 iterata
2048 1987 2395 2054 invenitur:
2442 2008 2699 2050 nemeuoe
2740 2011 2825 2050 na
2865 1990 2969 2050 ioa
3008 2009 3095 2051 na
3125 1983 3255 2068 (καθ’
3288 2007 3378 2050 na
3408 2006 3515 2048 cm·

589 2087 741 2171 (nec
787 2088 1082 2171 gaudium
1128 2088 1330 2154 habeo
1373 2110 1495 2153 nec
1537 2087 1810 2152 amicum
1859 2109 1984 2153 nec
2027 2089 2399 2174 cognatum)
2442 2087 2605 2154 Buh.
2651 2089 2711 2170 8,
2746 2089 2847 2153 23.
2906 2108 3097 2172 perae
3134 2088 3393 2172 quirion
3434 2109 3515 2148 ηα

583 2211 898 2254 sao-mone:
941 2213 1060 2254 nac
1104 2213 1356 2278 θυῖον-ηρ
1395 2211 1551 2277 quer
1591 2212 1666 2254 ne
1707 2191 1938 2254 letteren
1983 2189 2127 2274 (cur
2166 2214 2317 2258 vere
2358 2213 2483 2256 nec
2512 2189 2957 2256 sermocinatis
3001 2211 3123 2254 nec
3152 2186 3341 2252 nobis
3374 2209 3516 2252 ver-

587 2292 734 2355 bum
781 2291 1014 2376 dicis?)
1061 2295 1160 2374 56,
1193 2293 1250 2356 8.
1285 2293 1354 2372 93
1413 2315 1603 2378 quam
1650 2290 1848 2358 semel
1888 2292 2127 2378 posita:
2190 2305 2302 2380 yut
2342 2315 2426 2356 πα
2482 2293 2704 2356 Iouam
2754 2314 2830 2356 ne
2871 2289 3182 2377 espernaff
3227 2289 3383 2373 (nec
3427 2289 3517 2352 le-

583 2393 726 2478 pori
769 2415 890 2458 nec
933 2394 1110 2480 vulpi
1153 2393 1446 2480 parcam),
1483 2397 1583 2476 32,
1615 2395 1673 2461 8.
1741 2415 1816 2457 ne
1859 2395 2023 2457 deux
2062 2415 2247 2478 qruec
2288 2417 2375 2456 na
2419 2395 2726 2480 amiequez
2780 2392 2942 2477 (non
2984 2401 3086 2458 est
3127 2390 3353 2456 mulier
3395 2411 3519 2454 nec

585 2495 925 2579 obstetrix)
971 2497 1070 2576 96,
1106 2498 1162 2560 7.
1235 2506 1412 2580 φαμι
1467 2520 1550 2558 an
1595 2495 1724 2558 boet
1763 2516 1901 2558 nem
1944 2517 2035 2558 em
2078 2495 2257 2577 betas
2296 2518 2415 2558 ozac
2468 2517 2499 2559 e
2539 2517 2654 2580 nep
2692 2517 2849 2581 yuys
2889 2516 2965 2557 ne
3006 2492 3343 2582 rq'oyzlssas
3380 2492 3519 2579 (ce-

581 2618 729 2660 nam
769 2619 898 2661 non
933 2595 1255 2678 desidero,
1299 2618 1422 2660 nec
1467 2596 1593 2662 ullo
1637 2596 1823 2661 modo
1872 2595 2180 2678 delector)
2223 2595 2358 2660 MJ.
2385 2596 2501 2661 6b.

759 2697 817 2759 6.
883 2697 992 2760 Ad
1021 2697 1528 2784 amplificandam
1569 2697 1977 2783 negationem
2022 2719 2171 2762 suas
2218 2696 2344 2762 sibi
2388 2718 2678 2783 quaeque
2708 2695 3017 2760 dialectus
3063 2691 3258 2780 elegit
3294 2717 3517 2761 voces.

753 2797 1176 2864 Cambrica
1215 2797 1609 2884 frequentius
1657 2798 1833 2862 addit
1890 2798 2089 2882 (sicut
2128 2797 2351 2881 lingua
2392 2797 2747 2882 hibernica)
2804 2817 2983 2882 pron.
3029 2795 3141 2860 neb
3184 2793 3519 2882 (aliquis),

582 2901 780 2965 subst.
826 2899 1266 2984 pronominale
1295 2901 1424 2964 dim
1457 2897 1652 2984 (res):
1698 2921 1781 2984 ny
1825 2899 2087 2983 chaffwn
2128 2901 2157 2962 i
2180 2897 2293 2962 neb
2336 2897 2681 2982 (neminem
2710 2900 2832 2984 ego
2860 2896 3298 2982 inveniebam)
3330 2897 3519 2966 Mab.

584 3003 638 3082 l,
677 3001 769 3064 10.
824 3001 954 3064 dim
983 3020 1051 3062 00
1079 3001 1248 3063 awch.
1294 3003 1377 3064 da
1409 3021 1521 3085 πρε
1548 3000 1818 3084 ‘mynnaf
1854 2998 2045 3083 (nihil
2089 2999 2169 3064 de
2198 3000 2429 3064 vestris
2474 2999 2661 3066 bonis
2693 2996 2913 3086 cupio)
2961 3003 3017 3079 1,
3050 2997 3195 3063 272.
3256 3001 3332 3062 ni
3372 3001 3510 3064 chi-

577 3101 717 3186 flleu
763 3101 792 3160 i
833 3101 962 3164 dim
1006 3100 1166 3185 (non
1210 3100 1426 3166 audivi
1471 3123 1589 3186 ego
1636 3100 2012 3186 quidquam)
2059 3101 2116 3181 2,
2149 3102 2293 3165 232.
2327 3101 2469 3166 233.

749 3200 1089 3268 Cornica
1140 3202 1533 3288 frequentius
1592 3201 1851 3268 adhibet
1908 3203 2307 3268 substantiva
2358 3201 2700 3288 quaedam,
2760 3211 2829 3265 ut
2884 3199 3081 3265 banne
3135 3197 3350 3286 (gutta
3408 3203 3517 3266 vel
3598 3187 3605 3198 ⁸

580 3301 779 3386 stilla)
822 3301 980 3368 Voc.
1014 3303 1094 3382 9⁵,
1139 3304 1244 3367 vel
1288 3302 1495 3367 banna
1537 3301 1648 3386 (cf.
1693 3305 1842 3390 gall.
1885 3303 2031 3369 hod.
2070 3304 2336 3390 qoutte):
2386 3303 2709 3388 bythqueth.
2748 3303 2901 3366 whet
2944 3299 3095 3365 tebel
3134 3326 3219 3366 na
3248 3324 3388 3366 mas
3432 3327 3519 3388 ny

577 3404 764 3486 wylye
800 3426 989 3489 quase
1033 3403 1227 3468 banne
1284 3404 1640 3492 (nunquam
1692 3403 1901 3470 adhuc
1954 3425 2077 3469 nec
2119 3405 2284 3470 male
2338 3425 2459 3469 neo
2502 3405 2666 3470 bene
2711 3402 2845 3468 vidi
2888 3401 3003 3483 iis,
3064 3401 3268 3468 oculis
3324 3406 3515 3486 meis,

580 3503 951 3590 quidquam)
994 3504 1076 3568 D.
1109 3505 1253 3570 398.
1318 3530 1402 3592 ny
1443 3508 1565 3571 elev
1609 3507 1804 3570 banne
1850 3505 2041 3590 (nihil
2072 3505 2277 3589 audit)
2321 3505 2402 3569 D.
2437 3506 2622 3570 2321.
2678 3505 2863 3569 iudas
2902 3525 2987 3588 ny
3010 3509 3157 3588 yoek
3198 3529 3277 3569 vn
3308 3503 3519 3570 banne

581 3604 664 3688 (I.
709 3629 790 3670 ne
846 3606 1176 3672 minimum
1239 3608 1496 3694 quidem
1541 3607 1799 3692 dormit)
1857 3607 1940 3671 D.
1989 3607 2169 3672 1078.
2244 3629 2401 3692 qam
2440 3605 2624 3690 quetlc
2670 3627 2716 3691 gy
2760 3603 2870 3668 ben
2907 3626 2951 3691 y
2994 3619 3249 3689 quaem
3286 3607 3519 3692 quelas

585 3706 790 3770 banna
847 3731 932 3770 na
979 3709 1109 3794 ylly
1163 3708 1522 3792 (involucro
1578 3708 1716 3774 eius
1775 3715 1967 3795 caput
2017 3707 2457 3790 involvebant,
2514 3714 2583 3770 ut
2632 3705 2853 3772 videre
2902 3705 3067 3771 nihil
3118 3707 3372 3793 posset)
3434 3707 3515 3772 P.

587 3809 687 3890 96,
724 3809 779 3875 1.
836 3809 946 3872 dal
986 3831 1019 3872 o
1061 3832 1145 3893 ny
1185 3812 1337 3897 wely
1377 3810 1590 3876 'banna
1632 3807 1897 3892 (caecus
1942 3818 2091 3891 erat,
2136 3807 2299 3873 nihil
2338 3807 2627 3892 videbat)
2672 3808 2815 3890 217,
2848 3809 2907 3872 2.
2963 3807 3170 3872 banna
3212 3829 3297 3892 ny
3339 3807 3527 3894 allas

570 3909 794 3994 ywelae
840 3906 1273 3996 (nequaquam
1313 3933 1582 3998 possum
1625 3909 1875 4004 videre)
1922 3908 2028 3977 Cr.
2066 3910 2247 3974 1622.
2320 3907 2473 3972 Cam
2517 3908 2817 3995 (passus3
2862 3906 2940 3973 cf.
2985 3905 3135 3994 gall.
3178 3907 3326 3973 hod.
3350 3910 3515 3994 pas)

574 4009 679 4074 vel
721 4031 1029 4093 cammen,
1085 4034 1325 4094 camen,
1381 4032 1606 4076 caman
1661 4011 1852 4098 (plur.
1899 4033 1981 4076 an
2025 4009 2477 4075 conferendum
2518 4008 2749 4074 cambr.
2795 4029 3045 4090 caman,
3100 4007 3305 4091 via?):
3361 4031 3515 4094 pan

477 4171 494 4190 ‚
572 4111 754 4174 welas
794 4135 930 4174 cam
971 4135 1054 4176 na
1080 4112 1212 4198 ylly
1250 4136 1294 4198 y
1324 4113 1490 4178 dolla
1533 4112 1708 4196 (cum
1751 4111 2016 4192 videret,
2060 4133 2466 4198 nequaquam
2506 4131 2576 4176 se
2619 4131 2815 4196 posse
2859 4132 3004 4174 eum
3048 4109 3377 4197 decipere)
3430 4109 3512 4180 P.

580 4213 675 4292 13,
715 4215 767 4276 1.
825 4235 908 4296 ny
952 4237 1070 4298 vyn
1117 4239 1198 4277 an
1242 4214 1343 4298 vyl
1381 4213 1585 4276 Ita-rlot
1626 4235 1759 4277 cam
1805 4235 1965 4276 awos
2009 4238 2093 4278 cm
2137 4213 2239 4300 bys
2282 4211 2549 4299 dywetlze
2600 4211 3028 4298 (nequaquam
3070 4211 3220 4278 vilis
3262 4212 3513 4278 nebulo

579 4313 886 4378 decedere
931 4315 1067 4378 vult
1109 4335 1226 4399 per
1266 4313 1598 4398 mundum)
1641 4312 1725 4378 D.
1758 4314 1942 4378 2914.
2019 4313 2171 4378 drok
2207 4337 2286 4399 μυ
2324 4337 2483 4401 yyne
2533 4336 2622 4377 na
2662 4323 2843 4376 venta
2882 4309 3164 4376 kammen
3217 4311 3372 4397 tryle
3416 4335 3513 4398 yn

576 4435 796 4476 tmaner
838 4415 930 4477 telo
972 4412 1195 4499 (aegre
1238 4413 1403 4496 fero,
1448 4424 1512 4480 te
1552 4435 1951 4500 nequaquam
1998 4415 2162 4480 velle
2208 4415 2493 4482 converti
2535 4413 2605 4479 in
2646 4413 2955 4480 rationem
2994 4411 3348 4500 pulcram),
3420 4439 3515 4480 na

575 4515 906 4600 wrellouyk
947 4538 1225 4580 cammen
1271 4517 1428 4580 Iatlze
1470 4539 1552 4580 an
1588 4516 1814 4600 prosus
1857 4515 1959 4598 (ut
1999 4540 2083 4582 ne
2111 4515 2509 4582 interficiatis
2539 4514 2945 4602 prophetam)
2974 4511 3058 4582 D.
3094 4513 3277 4579 1293.
3310 4514 3511 4580 2196.

572 4635 714 4677 mar
767 4615 969 4700 woklcy
1012 4639 1284 4681 cammen
1327 4641 1412 4681 na
1454 4617 1722 4702 vynnyth.
1765 4639 1952 4704 cryyy
2006 4617 2164 4702 (tam
2210 4618 2471 4700 stultus,
2526 4624 2596 4681 ut
2648 4615 2907 4681 minime
2962 4615 3123 4682 velis
3183 4615 3511 4702 credere),

577 4738 680 4800 my
722 4738 804 4801 ny
852 4739 981 4780 won
1014 4739 1193 4801 pywe
1236 4739 1510 4782 commen
1555 4718 1707 4803 (ego
1751 4719 1994 4800 nescio,
2043 4720 2186 4806 quis
2232 4719 2317 4786 sit
2357 4719 2468 4784 ille
2510 4717 2801 4802 omnino)
2844 4715 2923 4782 R.
2967 4717 3109 4782 990.
3141 4716 3332 4782 2493.
3394 4739 3511 4782 ca-

568 4837 706 4879 men
745 4819 924 4902 pylat
969 4841 1102 4904 pan
1143 4819 1323 4882 walae
1373 4843 1459 4883 na
1497 4817 1627 4903 ylly
1669 4810 1770 4882 σἐι
1813 4820 2067 4906 delyffre
2120 4821 2222 4906 (P.
2270 4843 2409 4886 cum
2454 4820 2701 4885 videret
2742 4841 3141 4905 nequaquam
3184 4841 3256 4885 se
3298 4841 3509 4906 posse

573 4915 897 4983 Christum
939 4918 1239 5001 liberare)
1282 4918 1355 4983 P.
1407 4921 1542 5002 150,
1590 4923 1646 4983 1.
1721 4941 1947 4985 caman
2002 4945 2089 4986 na
2126 4923 2256 5008 ylly
2301 4921 2489 5004 bewe,
2544 4944 2770 4986 caman
2820 4945 2908 4986 na
2954 4921 3085 5006 ylly
3122 4935 3336 5007 qu3e
3398 4921 3511 5006 (ut

571 5041 968 5105 nequaquam
998 5029 1223 5105 posset
1249 5021 1483 5102 vivere,
1528 5021 1785 5106 cavere)
1821 5023 1963 5102 204,
2003 5025 2056 5086 1.
2088 5023 2230 5104 205,
2264 5025 2327 5105 13
2358 5023 2653 5109 idemque
2683 5021 2981 5088 adiuncto
3014 5020 3155 5108 byth
3185 5021 3505 5112 (utique),

572 5121 651 5184 de
697 5143 821 5206 quo
865 5121 1167 5188 adverbio
1209 5121 1704 5208 frequentissimi
1750 5145 1902 5189 usus
1944 5125 2073 5189 vid.
2122 5147 2316 5210 supra
2355 5147 2419 5212 p.
2453 5127 2578 5190 620
2602 5147 2729 5209 sq.:
2773 5146 2869 5187 me
2912 5148 2953 5188 α
2994 5145 3175 5208 vynse
3210 5147 3257 5208 y
3302 5127 3507 5210 20chae
