3717 5642
570 394 693 457 964
736 395 1049 458 (947-949)
1256 390 1370 457 VI.
1415 392 1473 455 2.
1548 404 2024 455 cous‘ranc‘rro
2067 404 2360 455 Pon'rrcA
2405 406 2840 455 nnn-mmm.

740 578 863 645 Vel
904 576 1077 643 Mab.
1124 576 1187 659 3,
1239 578 1380 657 199,
1430 576 1535 641 ubi
1578 584 1710 642 tres
1752 575 1980 641 fratres
2023 574 2248 641 fideles
2287 575 2403 640 filii
2449 573 2532 642 G.
2577 575 2938 641 laudantur:

1482 696 1493 772 Ι
1538 695 1777 753 Trimeib
1814 696 2102 771 ylluadhw
2105 714 2140 770 3]
2179 694 2404 754 ennwir.

1479 790 1489 866 Ι
1526 790 1990 865 tricheurysssdat
2023 788 2218 864 lcywir.

1474 884 1727 942 bleidwn.
1764 885 1773 961 Ι
1808 884 2028 959 hydwn.
2065 885 2074 960 Ι
2108 883 2376 957 hychdwn
2411 886 2421 960 Ι
2455 886 2558 944 hir.

740 1016 979 1081 Extant
1030 1012 1340 1079 eiusmodi
1390 1003 1759 1097 ‘enylynion'
1817 1012 1922 1076 vel
1983 1012 2504 1097 epigrammatum
2561 1014 2760 1078 series
2826 1014 3136 1097 quaedam
3211 1012 3466 1077 celebres

571 1123 736 1184 inter
787 1116 1131 1197 Gambros,
1176 1125 1248 1179 ut
1288 1114 1636 1199 inscriptae
1675 1104 2055 1197 ‘Enylynnio
2099 1112 2313 1193 bedeu,
2359 1113 2714 1199 Enylym‘on
2755 1138 2798 1198 y
2841 1106 3112 1197 οἶμα-Αἰ
3165 1114 3465 1201 (strophae

571 1222 673 1286 vel
728 1220 1183 1305 epigrammata
1240 1217 1703 1301 sepulcrorum,
1761 1213 2118 1295 audituum,
2179 1236 2340 1300 quae
2394 1226 2689 1281 enarrant
2741 1216 3042 1301 sepulcra
3099 1216 3462 1295 bellatorum,

572 1324 675 1389 vel
717 1320 1043 1387 hominum
1089 1319 1469 1403 sapientium
1514 1316 1864 1383 sententias
1909 1316 2178 1397 auditaS,
2225 1316 2266 1379 i.
2314 1339 2367 1380 e.
2414 1316 2752 1401 celebres),
2801 1339 2964 1402 quae
2995 1319 3184 1383 modo
3217 1328 3460 1395 servant,

570 1424 755 1489 modo
785 1444 914 1487 non
944 1431 1203 1485 servant
1231 1420 1618 1506 syllabarum
1645 1439 1993 1499 numerum,
2040 1418 2348 1483 interdum
2383 1420 2883 1501 consonantiam,
2917 1430 2985 1483 ut
3012 1418 3174 1484 haec
3207 1418 3460 1504 (Myvyr.

572 1524 908 1591 Archaeol.
959 1526 1011 1603 1,
1056 1546 1119 1607 p.
1167 1522 1240 1587 81
1296 1520 1433 1607 [Sk.
1480 1519 1567 1585 Π.
1614 1518 1722 1603 32]
1772 1527 1837 1583 et
1879 1543 1941 1605 p.
1993 1521 2176 1603 174):

871 1658 979 1715 Bet
1018 1660 1053 1737 3]
1097 1658 1295 1715 March.
1338 1657 1423 1714 bet
1458 1656 1494 1731 3]
1538 1654 1797 1730 θυῂεὴαν
2103 1656 2158 1711 Α
2195 1656 2466 1732 quweisti
2509 1676 2546 1713 a
2581 1666 2722 1731 qaut
2763 1654 3081 1715 Credeiliad

875 1752 985 1809 Bet
1020 1750 1056 1826 3]
1101 1751 1342 1826 G‘uyaun
1382 1748 1637 1825 cletg‘gfrut
2111 1750 2292 1808 Verck
2333 1750 2510 1807 Isadd
2545 1754 2694 1806 riain
2731 1752 2947 1809 wastad

874 1846 1083 1903 Anoeth
1124 1844 1219 1902 bid
1256 1844 1343 1902 bet
1378 1846 1414 1919 3]
1454 1844 1683 1901 Arthur.
2095 1844 2317 1918 Diyaun
2358 1846 2434 1900 da
2472 1845 2662 1919 diwyd
2693 1846 2931 1919 gennad.

738 1974 920 2041 Talia
961 1974 1151 2059 igitur
1196 1972 1649 2059 epigrammata
1688 1971 1873 2039 modo
1918 1972 2269 2039 constantis
2315 1981 2666 2037 structurae
2709 1982 2874 2055 sunt,
2919 1974 3108 2039 modo
3152 1974 3400 2040 solutae.

736 2077 983 2143 Eadem
1027 2074 1414 2141 constructio
1460 2074 1764 2139 orationis
1806 2074 2098 2159 poeticae
2143 2084 2241 2139 est
2279 2075 2343 2137 in
2391 2074 2534 2139 aliis
2579 2075 2962 2141 carminibus
3003 2075 3456 2141 recentioribus.

577 2180 821 2250 Codice
861 2180 1061 2265 Nigro
1121 2174 1346 2261 (ngfr
1388 2174 1529 2259 Du)
1586 2174 1866 2256 Caerm.,
1927 2176 2239 2261 quondam
2283 2175 2632 2260 Hengurti‚
2685 2200 2858 2243 nunc
2899 2176 3224 2243 Peniarthi
3279 2198 3457 2243 asser-

568 2295 735 2367 vato,
782 2305 968 2368 quem
1013 2278 1269 2345 saeculo
1314 2276 1686 2342 duodecimo
1717 2274 2003 2342 Henrico
2043 2276 2132 2341 ΙΙ.
2176 2287 2481 2362 regnante
2527 2277 3010 2363 (1154-1189)
3054 2279 3455 2363 conscriptum

570 2409 713 2452 esse
760 2392 1038 2463 constat,
1096 2380 1499 2445 continentur
1542 2379 1822 2443 carmina
1865 2378 1973 2460 39,
2033 2401 2159 2443 una
2203 2399 2344 2442 cum
2388 2379 2617 2444 ceteris
2661 2402 3077 2466 quaecunque
3119 2391 3460 2446 manserunt

570 2486 953 2552 carminibus
997 2480 1449 2549 vetustioribus
1491 2503 1695 2565 nuper
1752 2480 1928 2545 edita
1967 2504 2007 2545 a
2049 2480 2371 2547 Guilelmo
2415 2480 2487 2545 F.
2533 2479 2794 2547 Skene
2836 2481 3008 2566 (The
3047 2482 3192 2548 four
3233 2482 3458 2547 ancient

570 2590 771 2655 books
820 2587 889 2652 of
939 2584 1185 2663 Wales,
1243 2582 1612 2667 containing
1664 2582 1773 2649 the
1830 2583 2070 2667 cymric
2111 2604 2331 2668 poems
2379 2582 2716 2648 attributed
2760 2594 2824 2649 to
2883 2582 2994 2648 the
3037 2584 3230 2649 bards
3273 2583 3340 2647 of
3369 2582 3456 2646 the

571 2690 744 2756 sixth
784 2698 1065 2771 century,
1112 2682 1489 2797 Edinburgh
1541 2683 1749 2768 1868).

735 2791 897 2856 Inde
956 2812 992 2853 e
1048 2784 1347 2851 carminis
1414 2788 1508 2848 11.
1563 2782 1735 2867 (Vol.
1780 2783 1870 2849 ΙΙ.
1915 2808 1975 2869 p.
2027 2784 2134 2869 13)
2192 2794 2368 2871 parte
2427 2786 2776 2871 posteriore
2835 2808 3014 2851 sumo
3073 2806 3298 2851 versus
3337 2783 3452 2859 hos,

568 2892 923 2958 secundum
965 2887 1357 2954 hibernicam
1401 2885 1779 2951 divisionem
1825 2886 2204 2971 dispositos:

1270 3022 1623 3078 Arduireaue
1657 3021 1667 3098 Ι
1703 3023 1813 3079 dev
1842 3028 1867 3095 ΙΙ
1897 3026 2018 3096 yssi
2055 3041 2128 3079 vn
2167 3042 2206 3079 a
2238 3022 2248 3099 Ι
2285 3024 2398 3080 deu

1268 3119 1386 3191 yssi
1414 3118 1494 3171 tri
1526 3113 1536 3189 Ι
1570 3115 1673 3189 hep
1713 3133 1784 3172 ev
1813 3126 1839 3195 ΙΙ
1875 3114 1882 3179 Ι
1914 3116 2016 3189 hep
2049 3121 2060 3187 Ι
2095 3116 2230 3173 haut
2264 3136 2300 3191 3]
2339 3117 2538 3174 amhev

1268 3210 1520 3267 awnaetlz
1552 3208 1563 3283 Ι
1582 3208 1768 3283 smith
1807 3229 1845 3265 a
1879 3210 1888 3285 Ι
1908 3212 2056 3283 freu
2086 3220 2110 3287 ΙΙ
2142 3229 2179 3267 a
2213 3210 2222 3284 Ι
2243 3211 2358 3283 sop
2398 3213 2687 3287 amriffreu

1272 3310 1279 3377 Ι
1312 3306 1425 3360 dun
1462 3324 1498 3378 3]
1539 3323 1637 3360 env
1680 3307 1737 3361 in
1772 3306 1781 3376 Ι
1818 3306 1930 3361 deu
1961 3301 1969 3370 Ι
1980 3306 1986 3370 Ι
2021 3311 2027 3373 Ι
2061 3305 2312 3378 duyuaul
2346 3324 2382 3379 3]
2423 3305 2639 3381 kyffreu

1272 3396 1281 3465 Ι
1311 3399 1425 3454 dun
1462 3418 1499 3474 3]
1538 3418 1638 3455 em>
1678 3401 1737 3455 in
1774 3398 1849 3455 tri
1881 3401 1906 3471 ΙΙ
1940 3396 1948 3466 Ι
1982 3398 2272 3473 duyuuaul
2307 3419 2343 3475 3]
2381 3399 2502 3457 inni

1274 3494 1282 3560 Ι
1312 3494 1427 3549 dun
1462 3511 1499 3567 3]
1538 3511 1639 3549 env
1678 3496 1739 3549 in
1776 3512 1851 3551 vn
1885 3502 1911 3570 ΙΙ
1946 3498 1954 3564 Ι
1986 3494 2238 3567 duupaul
2273 3511 2342 3551 ac
2381 3494 2628 3551 annhuu.

1271 3586 1635 3659 Arduyreaue
1677 3605 1748 3643 vn
1781 3596 1806 3663 ΙΙ
1837 3589 1926 3661 ἰδέ]
1968 3587 2073 3643 deu
2113 3605 2182 3644 ae
2221 3606 2302 3645 un

1268 3684 1367 3739 issi
1402 3683 1476 3738 tri
1512 3698 1699 3739 arnuu
1732 3690 1757 3760 ΙΙ
1792 3683 1898 3737 issi
1937 3682 2053 3737 (ἵνα
2090 3700 2126 3755 3]
2167 3681 2302 3739 hun.

1268 3774 1525 3831 Annaeth
1558 3774 1569 3849 Ι
1600 3774 1819 3831 maur-th
1858 3774 2012 3831 allun
2044 3772 2068 3845 l}
2100 3794 2136 3831 a
2169 3787 2176 3853 Ι
2207 3776 2422 3833 mascul
2457 3794 2493 3832 a
2534 3775 2648 3831 bun

1268 3888 1336 3927 ac
1371 3878 1473 3925 nat
1509 3868 1767 3943 kyuorun
1802 3870 1825 3945 ΙΙ
1860 3866 1958 3923 bas
1998 3886 2068 3924 ac
2106 3879 2332 3928 anotun.

1266 3962 1483 4020 Auneth
1522 3966 1657 4020 tuim
1694 3980 1761 4019 ac
1799 3980 1899 4019 oet
1929 3971 1952 4041 Ιξ
1984 3981 2021 4018 a
2059 3960 2182 4019 head
2219 3964 2398 4021 alloer

1266 4056 1487 4131 allythir
1525 4060 1583 4129 iq
1622 4055 1743 4112 cuir
1772 4068 1798 4135 ΙΙ
1827 4075 1866 4112 α
1891 4058 2062 4130 sflam
2102 4059 2178 4113 im
2213 4058 2419 4131 pabuir

1264 4170 1303 4207 a
1336 4150 1346 4227 Ι
1380 4152 1535 4207 εενσΙι
1571 4154 1629 4206 in
1664 4149 1673 4223 Ι
1708 4149 1926 4206 sinkuir
1957 4160 1984 4227 ΙΙ
2017 4169 2056 4205 a
2094 4151 2206 4207 bun
2239 4150 2249 4229 Ι
2284 4152 2458 4227 hyqar
2493 4152 2503 4227 Ι
2537 4152 2664 4210 lmir

1263 4245 1459 4302 allosci
1488 4248 1648 4319 pimp
1688 4242 1826 4300 leaer
1854 4246 1880 4309 η
1913 4248 2108 4319 otyueti
2145 4244 2266 4303 wir.

932 4366 1255 4425 “Extollam
1294 4384 1401 4441 ego
1442 4362 1747 4441 duplicem,
1788 4361 1890 4437 qui
1930 4369 2020 4420 est
2058 4382 2206 4423 unus
2245 4371 2305 4422 et
2343 4366 2474 4439 duo,
2515 4366 2616 4441 qui
2658 4372 2747 4424 est
2787 4372 2906 4425 tres
2947 4368 3094 4425 etc.”

732 4498 907 4565 Infra
946 4496 1130 4561 modo
1171 4496 1457 4559 inverso:

966 4613 1287 4672 “Extollam
1328 4630 1524 4685 unum,
1564 4608 1665 4685 qui
1704 4615 1792 4668 est
1830 4610 1947 4669 duo
1989 4618 2048 4671 et
2085 4632 2250 4686 unus,

965 4708 1065 4785 qui
1106 4714 1195 4766 est
1232 4714 1350 4765 tres
1392 4708 1640 4781 insuper,
1683 4704 1779 4779 qui
1822 4712 1911 4762 est
1948 4705 2091 4764 deus
2131 4708 2282 4783 ipse3

963 4804 1061 4879 qui
1104 4802 1242 4861 fecit
1277 4802 1432 4859 diem
1474 4798 1673 4855 Martis
1713 4804 1772 4854 et
1810 4798 2011 4858 Lunae
2051 4808 2112 4859 et
2150 4818 2364 4859 marem
2407 4804 2466 4856 et
2503 4796 2772 4857 feminam
2817 4806 2926 4860 etr.

964 4899 1063 4973 qui
1100 4898 1240 4955 fecit
1277 4895 1525 4954 calidum
1566 4900 1626 4951 et
1666 4892 1936 4969 frigidum
1978 4900 2035 4953 et
2073 4896 2252 4954 solem
2294 4901 2352 4953 et
2390 4894 2584 4957 lunam
2625 4896 2772 4952 ete.”

570 5028 784 5092 eadem
832 5026 1243 5092 enarrationis
1286 5025 1478 5107 longa
1520 5030 1583 5085 et
1625 5022 1948 5088 indefessa
1989 5024 2480 5105 continuatione,
2529 5046 2690 5110 quae
2735 5034 2834 5089 est
2877 5022 3322 5090 consonantiae.

734 5126 813 5190 In
864 5127 965 5191 his
1022 5126 1437 5191 consonantia
1486 5122 1695 5187 finalis
1746 5146 1877 5189 non
1946 5124 2152 5189 solum
2207 5128 2642 5213 contraposita
2695 5126 3031 5211 coniungit
3079 5114 3426 5191 hemistichia
