3717 5642
936 435 1050 505 IV.
1096 438 1156 503 2.
1222 454 1800 504 PRAEPOSI'HONES
1842 454 2322 503 mmmmm.
2615 438 2754 502 (652-
2780 438 2900 502 653)
2964 436 3088 505 689

206 622 313 707 thye
354 622 691 708 thytlaefen
743 623 923 708 (post
960 646 1058 689 me
1110 623 1225 690 tibi
1281 624 1363 689 ad
1404 624 1474 689 id
1516 626 2044 707 interdicendum,
2099 625 2143 691 i.
2186 649 2241 692 e.
2289 635 2629 713 postquam
2687 648 2806 713 ego
2851 626 2972 692 tibi
3015 625 3087 691 id

202 724 491 809 interdixi)
535 723 615 791 Ο.
648 726 789 791 280.
881 724 1154 812 Saepius
1200 746 1341 791 cum
1384 724 1495 791 inf.
1543 726 1637 811 (p.
1669 727 1846 812 538.)

340 826 706 921 Aremorica
760 826 965 893 forma
1023 824 1369 893 GOUDE:
1442 830 1639 912 ‚qoude
1692 818 1956 914 (‘post')
1998 828 2183 895 Gath.
2247 830 2390 893 duet
2440 851 2505 893 eo
2560 830 2682 913 diff
2731 830 2936 894 consol
2986 850 3090 895 am

200 928 401 990 soulacc
436 930 633 1013 qoude
674 931 779 993 hir
819 954 1001 1017 space
1040 929 1249 1017 (venit
1293 928 1445 992 mihi
1491 930 1800 995 solacium
1842 938 1994 1017 post
2020 932 2278 1019 longum
2311 930 2620 1018 spatium)
2647 930 2811 997 Buh.
2850 932 2947 1013 12,
2982 933 3084 997 23.

197 1028 367 1111 ‚conde
404 1050 511 1093 ma
556 1052 776 1117 anyoes
818 1033 1001 1120 (post
1040 1052 1343 1117 angorem
1384 1030 1625 1116 meum)
1674 1034 1769 1113 12,
1810 1034 1905 1096 14.
1982 1030 2148 1099 Cum
2191 1032 2486 1098 articulo:
2528 1033 2768 1117 youden
2803 1055 3092 1119 poanyou

206 1130 271 1191 da
309 1128 439 1193 bont
480 1131 655 1195 Iouen
698 1134 877 1219 (post
920 1134 1171 1200 dolores
1214 1141 1287 1198 ut
1330 1132 1414 1197 sit
1456 1132 1640 1213 laeta,
1686 1132 1956 1218 Nonita)
2006 1136 2144 1217 146,
2175 1134 2232 1199 2.
2308 1132 2469 1202 Cum
2511 1133 2856 1201 infinitivo:
2894 1137 3096 1222 qoude

207 1226 323 1291 bont
358 1230 721 1318 (postquam
762 1234 911 1320 fuit)
955 1234 1090 1303 MJ.
1129 1237 1278 1301 16b.
1313 1238 1461 1301 762.
1500 1236 1617 1299 114
1634 1236 1702 1315 b;
1750 1235 1827 1299 cf.
1873 1259 1936 1322 p.
1968 1236 2110 1301 538.

341 1330 741 1400 HERWYD
800 1337 1211 1421 (secundum,
1274 1336 1476 1422 apud)
1528 1336 1872 1403 cambrice:
1941 1338 2194 1423 herwyd
2240 1360 2284 1423 y
2333 1338 2744 1423 kauaruzqdyt
2781 1340 3097 1426 pedweryt

206 1432 321 1495 mab
354 1435 515 1499 idam
561 1436 947 1519 (secundum
991 1440 1324 1504 historiam
1369 1446 1629 1523 quartus
1672 1440 1844 1505 filius
1878 1438 1954 1521 ei,
2003 1439 2168 1525 erat)
2211 1437 2386 1506 Mab.
2420 1442 2477 1523 3,
2510 1440 2652 1506 297.
2707 1462 2784 1505 ac
2807 1442 3098 1527 ymauael

205 1556 231 1596 ο
263 1538 541 1620 quomam-i
574 1540 739 1623 yndi
776 1542 1000 1605 hitheu.
1045 1541 1293 1625 lterwyd
1328 1541 1545 1627 qwallt
1582 1563 1623 1623 3]
1658 1540 1868 1625 phem
1921 1541 2150 1630 (arripi
2191 1566 2231 1607 a
2273 1541 2355 1608 G.
2399 1542 2560 1628 ipsa,
2609 1542 2797 1625 strix,
2844 1542 3094 1628 capillis

206 1637 425 1724 capitis)
444 1688 461 1719 ,
518 1660 650 1723 yna
690 1641 1207 1725 ydymauaelawd
1254 1664 1444 1728 φονου
1486 1642 1629 1705 mab
1672 1644 1987 1707 oustennin
2023 1645 2252 1729 yndaw
2293 1643 2544 1728 hemyd
2587 1644 2804 1730 ywallt
2851 1666 2896 1729 3]
2927 1666 3097 1730 penu

211 1737 365 1819 (tunc
404 1741 669 1827 arripuit
711 1742 793 1809 G.
836 1744 924 1807 fil.
971 1739 1047 1808 C.
1096 1766 1239 1807 eum
1284 1743 1567 1829 capillis)
1612 1744 1669 1823 2,
1702 1744 1846 1807 247.
1879 1744 2022 1811 248.
2081 1744 2302 1831 hyspys
2339 1766 2436 1829 yw
2459 1744 2706 1830 qennyfi
2739 1768 2784 1829 3]
2827 1746 2984 1831 ἀεα3]
3027 1746 3098 1809 di

210 1862 269 1903 ae
304 1843 367 1926 ef
394 1842 645 1928 hemyd
681 1866 727 1929 y
772 1866 1061 1929 avaneu
1120 1844 1526 1931 (persuasum
1568 1844 1722 1909 mihi
1780 1856 1880 1910 est
1931 1854 1995 1911 te
2037 1856 2374 1911 venturum
2427 1867 2569 1911 cum
2613 1867 2689 1911 eo
2747 1848 3094 1913 secundum

209 1942 324 2007 eius
366 1944 680 2030 habenas)
730 1950 783 2027 1,
816 1947 959 2011 259.
1027 1946 1279 2031 kmoyd
1316 1947 1605 2034 vyyyallu
1646 1948 1677 2009 i
1714 1946 1861 2031 (pro
1903 1944 2203 2013 facultate
2246 1946 2415 2031 mea)
2462 1948 2520 2029 3,
2558 1948 2696 2013 153.
2795 1948 2958 2016 Cum
2999 1950 3097 2013 in-

206 2044 443 2111 finitivo:
494 2070 583 2131 yn
616 2049 835 2133 porthi
871 2048 941 2111 m‘
979 2047 1231 2132 hemoyd
1272 2046 1371 2111 boc
1406 2070 1493 2133 yn
1534 2049 1657 2134 ryd
1697 2048 1900 2111 πάππε
1951 2048 2086 2134 kwy
2123 2072 2168 2135 3]
2209 2048 2451 2133 kyfoetk
2493 2072 2572 2113 ar
2611 2050 2762 2114 wlat
2816 2048 3090 2134 (alentes

206 2168 331 2229 noS,
372 2160 549 2215 erant
590 2150 960 2229 monachae,
1007 2148 1159 2234 qm‘a
1201 2158 1337 2213 erat
1375 2148 1579 2215 libera
1620 2150 1783 2237 ipsis
1826 2171 2017 2235 porro
2059 2160 2346 2235 potestas
2391 2160 2457 2217 et
2495 2150 2693 2235 terra)
2742 2155 2796 2234 1,
2829 2152 2972 2218 252.

346 2248 529 2317 Corn.
560 2246 1029 2317 HERWYTH
1060 2248 1405 2334 (lter-ivah)
1452 2252 1721 2336 hmwytk
1746 2274 1791 2337 3]
1818 2250 2140 2336 volunyeth
2167 2254 2238 2334 es
2263 2302 2276 2317 .
2299 2304 2314 2317 .
2343 2302 2356 2316 .
2386 2254 2594 2339 3]Μή
2617 2275 2810 2340 qurys
2838 2254 3098 2337 (secun-

204 2348 328 2413 dum
364 2352 529 2419 illius
573 2354 967 2419 voluntatem
1008 2352 1150 2436 fiet)
1197 2350 1274 2417 Ο.
1330 2353 1510 2417 1320.
1582 2353 1643 2417 ol
1681 2377 1766 2417 an
1810 2352 2018 2437 bysma
2071 2354 2190 2418 rak
2227 2354 2408 2441 iuyye
2457 2376 2594 2441 pap
2635 2354 2697 2419 ol
2735 2354 3008 2441 hemo-yth
3053 2378 3098 2442 3]

202 2451 319 2515 ober-
354 2454 899 2537 (adiudicandum
929 2475 1177 2520 omnem
1218 2452 1389 2519 hunc
1419 2454 1734 2533 mundum,
1782 2476 1819 2519 e
1863 2476 1980 2519 suo
2027 2477 2338 2542 quemque
2383 2456 2606 2543 opere)
2647 2455 2730 2520 D.
2762 2455 2905 2520 816.
2961 2456 3096 2520 Iter-

198 2556 339 2637 myth
372 2578 521 2641 aque
563 2558 712 2621 laha
753 2558 835 2621 ha
878 2576 1177 2640 concyane
1213 2556 1447 2640 qureyh
1493 2577 1537 2641 y
1578 2558 1799 2641 iuyyye
1841 2556 2222 2640 (secundum
2265 2566 2542 2624 vestram
2584 2557 2794 2644 legem
2837 2566 2902 2623 et
2945 2580 3097 2623 con-

202 2656 501 2723 scientiam
543 2658 823 2725 iudicate
854 2656 1028 2742 eum)
1069 2656 1156 2721 D.
1192 2658 1375 2722 1978.
1432 2658 1579 2720 deus
1620 2659 1743 2719 mei
1780 2659 2065 2721 miserere
2106 2658 2366 2723 hermem
2411 2660 2507 2723 tlte
2544 2658 2730 2745 yrath
2771 2659 2918 2723 laath
2957 2672 3099 2745 pyte

200 2756 542 2839 (secundum
588 2761 857 2845 gratiam
902 2769 967 2826 et
1004 2758 1511 2825 misericordiam
1552 2757 1757 2841 tuam)
1805 2756 1885 2824 O.
1919 2760 2105 2825 2253.

347 2860 740 2928 Substantivi
780 2862 1031 2947 herwyd
1074 2861 1367 2946 exempla
1408 2860 1729 2927 cambrica
1770 2870 1836 2925 et
1879 2860 2138 2925 cornica
2177 2859 2343 2925 infra
2387 2862 2800 2948 proferentur.

345 2965 551 3029 Arem.
597 2962 989 3029 HERVEZ:
1036 2964 1253 3027 keruez
1297 2952 1762 3047 (secundans)
1796 2960 1982 3029 cath.
2042 2962 2252 3025 hervez
2294 2984 2380 3026 an
2407 2966 2675 3049 smptur
2718 2964 3098 3047 (secundum

65 3110 67 3165 3
202 3063 583 3149 scripturam)
626 3064 761 3130 MJ.
798 3066 915 3129 167
933 3066 995 3130 1).
1061 3064 1271 3128 lter-vez
1314 3089 1397 3128 an
1440 3066 1703 3149 lanyour
1745 3062 2126 3148 (secundum
2170 3062 2570 3149 languorem)
2619 3066 2738 3129 126
2761 3088 2816 3129 a.
2889 3066 3098 3129 hervee

65 3168 69 3249 ἶ
197 3187 291 3228 ma
329 3188 485 3251 anper
526 3167 910 3251 (secundum
954 3186 1133 3253 spem
1176 3166 1412 3251 meam)
1458 3166 1613 3231 24b.
1683 3167 1898 3230 hmez
1943 3190 2026 3229 an
2051 3167 2164 3248 fez
2209 3164 2589 3247 (secundum
2629 3166 2840 3247 fidem,
2887 3168 3098 3252 bapti-

198 3268 355 3349 zare)
392 3266 549 3332 Buh.
582 3268 684 3349 98,
722 3271 819 3333 16.
872 3268 1009 3349 100,
1046 3268 1143 3332 10.
1195 3290 1277 3330 vn
1320 3268 1525 3331 merch
1568 3268 1783 3331 hev-nez
1826 3269 1900 3330 ke
1929 3268 2110 3332 derch
2147 3268 2436 3353 querella
2477 3265 2725 3353 (puella
2753 3270 3096 3333 secundum

197 3378 499 3452 aspectum
543 3392 725 3434 suum
756 3370 967 3455 virgo)
1015 3371 1113 3450 18,
1150 3372 1250 3435 16.
1306 3370 1505 3435 ἰεαπεε
1548 3370 1767 3433 heruez
1796 3370 1906 3433 hoz
1937 3369 2137 3433 leaaen
2182 3366 2720 3452 (sanctimonialis
2752 3370 3098 3436 secundum

196 3466 379 3553 legem
420 3471 724 3556 vestram)
768 3472 871 3553 20,
908 3471 1005 3535 13.

349 3570 528 3638 Addo
570 3572 673 3638 his
714 3572 1007 3638 comicas
1054 3579 1119 3636 et
1161 3571 1540 3638 aremoricae
1582 3572 2094 3659 praepositiones
2137 3570 2439 3653 INTRE,
2502 3571 2799 3638 ENTRE
2844 3572 3096 3658 (iuter),

198 3670 459 3755 AWOS,
500 3672 715 3739 EVIT
756 3673 1033 3759 (ratione
1077 3673 1309 3756 habita,
1356 3684 1629 3760 propter,
1676 3672 1922 3757 causa).

348 3772 529 3841 Corn.
572 3773 877 3857 INTER,
922 3776 1178 3861 saepius
1222 3772 1551 3841 YNTRE:
1604 3788 1784 3861 ιψιιει·
1828 3776 2085 3839 benencas
2128 3775 2326 3858 (inter
2365 3776 2693 3862 mulieres)
2739 3776 2812 3843 P.
2852 3780 2990 3859 172,
3041 3782 3096 3843 1.

196 3888 355 3956 yntre
389 3898 461 3941 en
500 3890 735 3961 e3aoon
792 3878 990 3961 (inter
1031 3876 1340 3962 Iudaeos)
1389 3879 1525 3957 181,
1572 3877 1631 3940 2.
1692 3888 1873 3961 yntre
1915 3900 2000 3941 an
2041 3898 2180 3941 mor
2235 3878 2360 3941 han
2405 3889 2635 3964 tyryow
2688 3879 2887 3963 (inter
2927 3902 3098 3945 mare

202 3986 257 4039 et
292 3979 516 4064 terras)
561 3978 641 4045 Ο.
675 3981 777 4045 26.
829 3991 1009 4066 yntre
1050 3979 1136 4042 du
1177 3980 1261 4043 ha
1283 3978 1571 4063 pehadm·
1610 3979 1807 4042 acm-d
1847 3979 1948 4041 dee
1985 4000 2054 4042 ve
2081 3980 2347 4065 kemerys
2391 3980 2588 4063 (inter
2615 3980 2802 4045 deum
2845 3991 2912 4045 et
2949 4002 3099 4067 pec-

201 4090 447 4145 catorem
492 4082 861 4147 conciliatio
904 4080 1220 4166 quomodo
1267 4089 1518 4166 sumpta
1560 4080 1690 4163 est)
1744 4078 1819 4143 P.
1865 4080 1922 4161 8,
1969 4082 2028 4144 2.
2093 4092 2272 4165 yntre
2315 4082 2444 4145 dew
2500 4080 2600 4165 (in
2643 4082 2832 4163 duas,
2884 4092 3100 4168 partes

203 4180 443 4246 scissum
487 4181 617 4267 est)
660 4183 807 4265 209,
836 4183 894 4247 3.
962 4192 1143 4267 ynbre
1182 4181 1337 4265 myll
1378 4180 1541 4244 darn
1584 4180 1682 4264 (in
1724 4180 1900 4245 mille
1941 4182 2162 4255 frusta,
2206 4180 2446 4267 frangi)
2496 4183 2633 4265 166,
2668 4186 2724 4248 3.

342 4282 565 4349 Iuncta
594 4283 1081 4370 pronominibus
1127 4282 1372 4348 suffixis
1418 4281 1768 4367 interponit
1795 4284 1907 4347 dh:
1950 4283 2231 4369 yntretho
2273 4284 2396 4369 hay
2419 4285 2684 4371 qowethe
2726 4284 2923 4369 (inter
2953 4308 3096 4351 eum

206 4392 257 4445 et
290 4384 417 4451 eius
462 4386 747 4470 sodales)
792 4386 874 4451 D.
918 4386 1101 4451 1288.
1178 4406 1250 4448 en
1293 4386 1536 4469 dssyow
1570 4434 1585 4447 .
1620 4436 1635 4451 .
1669 4434 1684 4448 .
1717 4407 1757 4447 a
1800 4397 1872 4466 3e
1911 4404 2023 4448 sur
2059 4395 2360 4470 yntre30n
2403 4384 2574 4469 (dies
2617 4386 2882 4452 venient
2922 4396 3094 4453 certo

204 4482 341 4550 inter
376 4488 527 4573 nos)
570 4487 645 4553 P.
699 4491 838 4571 169,
870 4490 929 4554 2.
995 4508 1093 4549 me
1138 4512 1179 4551 a
1224 4485 1507 4571 thybarth
1544 4486 1907 4570 ynterthoyh
1950 4484 2356 4568 (distribuam
2399 4488 2568 4552 inter
2609 4489 2756 4573 vos)
2799 4487 2881 4552 D.
2915 4490 3099 4553 2325.

207 4584 437 4675 lanmyn
482 4592 543 4655 ol
582 4612 711 4655 cres
734 4588 1139 4677 yntrethouyk
1181 4585 1385 4669 (nunc
1427 4586 1633 4651 omnis
1678 4606 1807 4671 pax
1836 4586 2004 4652 inter
2031 4587 2179 4672 vos)
2209 4588 2287 4653 R.
2321 4589 2506 4654 2433.
2566 4588 2802 4672 Intre‘je
2825 4638 2840 4652 .
2869 4636 2884 4652 .
2911 4638 2925 4652 .
2946 4610 3100 4674 qar-

209 4684 309 4753 lont
344 4712 551 4776 sperne
594 4716 634 4756 a
678 4714 749 4757 ve
790 4692 1109 4779 dy39tktys
1153 4688 1349 4772 (inter
1394 4709 1503 4753 eos
1548 4708 1784 4753 corona
1828 4688 2154 4775 spinarum
2198 4698 2298 4755 est
2337 4690 2590 4776 parata)
2642 4689 2716 4755 P.
2768 4690 2906 4771 133,
2944 4693 2998 4756 1.
3058 4712 3140 4775 3].

206 4810 273 4851 aa
306 4791 555 4859 kemeres
596 4794 721 4882 hay
763 4818 848 4859 an
888 4812 1089 4877 ωηερε
1125 4802 1375 4877 yntrcje
1418 4788 1576 4876 (ipsi
1620 4810 1765 4858 eum
1792 4790 2234 4876 corripuerunt
2276 4800 2340 4856 et
2365 4792 2760 4859 retinuerunt
2799 4792 2969 4857 inter
2999 4792 3102 4876 se)

210 4890 287 4973 70,
318 4896 367 4959 1.
418 4895 495 4979 es
521 4918 565 4959 a
602 4916 842 4961 rannus
879 4906 1142 4983 yntre3a
1186 4891 1439 4976 (divisit
1479 4891 1647 4957 inter
1690 4914 1819 4974 eos,
1867 4892 2115 4977 vinum)
2160 4894 2262 4975 45,
2302 4896 2355 4958 1.

341 4996 555 5067 Arem-
600 4994 901 5061 ENTRE
958 4994 1134 5080 (hod.
1180 5004 1376 5073 eicere,
1435 4994 1551 5059 sed
1591 4992 1757 5059 leon.
1804 4993 1986 5077 etre):
2042 5006 2208 5057 entre
2261 5018 2345 5061 an
2387 5018 2510 5060 nou
2553 5017 2692 5059 men
2735 4994 2880 5059 brae
2921 5014 3101 5079 quez-

208 5114 349 5183 0omp
383 5121 468 5185 ny
510 5110 613 5162 tra
667 5098 869 5182 (inter
911 5098 1073 5163 duos
1126 5095 1246 5161 hos
1300 5094 1551 5181 lapides
1594 5118 1859 5180 magnos
1915 5116 2292 5181 quaeramus
2346 5095 2589 5182 locum)
2642 5095 2806 5161 Buh.
2857 5098 2998 5180 148,
3051 5102 3102 5162 l.

210 5208 348 5261 entre
380 5222 449 5263 re
488 5212 625 5265 mat
664 5201 751 5263 da
792 5198 1025 5283 ebataff
1062 5198 1261 5281 (inter
1302 5199 1505 5263 bonos
1548 5196 1837 5263 homines
1881 5209 1952 5262 ut
1993 5197 2362 5282 delecteris)
2413 5199 2552 5280 104,
2601 5200 2696 5262 12.
2799 5198 2964 5266 Cum
3005 5222 3104 5265 ar-

323 5318 513 5405 Zauu,
548 5335 759 5374 sanun.
795 5334 949 5373 cnr.
1018 5316 1118 5373 En.
1153 5316 1221 5370 11.
2631 5322 2700 5373 44
