3717 5642
1055 1495 1522 1630 LIBER
1596 1494 2295 1634 SEXTUS.

1153 2021 1282 2106 DE
1331 2019 2203 2109 CONSTRUCTIONE.

373 2205 566 2289 Quae
605 2206 960 2274 differentia
1002 2208 1307 2276 orationis
1349 2207 1672 2274 invenitur
1711 2207 1882 2294 apud
1922 2227 2145 2273 omnes
2182 2203 2477 2292 populos,
2522 2203 2884 2292 quicunque
2924 2230 3144 2272 monu-

215 2320 422 2374 menta
487 2309 726 2396 scripta
781 2309 1197 2396 reliquerunt,
1265 2320 1336 2375 ut
1377 2320 1488 2374 aut
1528 2309 1610 2374 ad
1651 2309 1993 2396 imaginem
2038 2307 2342 2374 cotidiani
2408 2307 2717 2373 sermonis
2762 2309 2849 2374 sit
2890 2329 3146 2396 compo-

215 2411 347 2493 sita,
395 2411 614 2478 soluta
655 2433 842 2498 quam
887 2411 1125 2492 dicunt,
1183 2413 1322 2478 sive
1365 2433 1560 2498 prosa
1611 2411 1841 2491 oratio,
1901 2417 2011 2475 aut
2064 2409 2321 2496 poetica
2372 2409 2477 2473 vel
2530 2407 2791 2473 astricta
2841 2409 3141 2488 numeris,

215 2511 431 2576 eadem
481 2511 837 2577 differentia
874 2512 996 2577 fuit
1041 2513 1305 2580 celticae
1351 2513 1686 2594 orationis,
1734 2535 1814 2578 ex
1859 2533 1985 2599 quo
2027 2509 2258 2576 litteris
2304 2508 2588 2574 mandari
2630 2519 2859 2594 coepta
2903 2519 3031 2589 est,
3074 2518 3146 2574 ut

215 2615 482 2680 vetustis
525 2613 654 2679 illis
695 2613 1113 2700 temporibus,
1160 2637 1304 2680 cum
1349 2615 1619 2701 gallicae
1664 2614 1877 2698 gentis
1922 2611 2367 2677 adulescentes
2411 2608 2789 2694 disciplinae
2834 2609 3143 2675 Druidum

211 2715 442 2797 traditi,
492 2725 561 2780 ut
590 2715 681 2780 ait
709 2713 972 2797 Caesar,
1017 2739 1314 2802 magnum
1333 2737 1678 2782 numerum
1720 2735 2017 2779 versuum
2063 2711 2451 2790 ediscebant,
2495 2733 2657 2798 quos
2693 2711 2793 2776 fas
2839 2733 2984 2777 esse
3015 2733 3143 2792 non

213 2817 665 2883 existimabant
717 2815 948 2882 litteris
1005 2817 1323 2884 mandare.
1423 2815 1777 2903 Utriusque
1832 2815 2139 2881 orationis
2195 2814 2553 2902 proprietas
2612 2822 2677 2878 et
2724 2813 2952 2893 forma,
3015 2823 3143 2878 tam

213 2941 436 3001 prosae
487 2917 788 2984 orationis
834 2940 1016 3003 quam
1061 2920 1348 3006 poeticae
1395 2917 1786 2985 constructio
1821 2915 1991 3002 apud
2034 2915 2297 2980 celticos
2342 2913 2633 3000 populos,
2680 2913 2926 2980 duobus
2956 2913 3144 2979 huius

213 3019 348 3084 libri
397 3019 720 3106 capitibus
767 3031 1136 3105 exponetur.

1275 3495 1648 3582 CAPUT
1705 3493 2070 3579 PRIUS.

941 3683 1056 3760 De
1111 3685 1654 3760 constructione
1707 3708 1971 3782 prosae
2023 3679 2405 3756 orationis,

371 3918 452 3984 In
493 3918 969 3986 constructione
1011 3941 1242 4007 prosae
1287 3921 1592 3986 orationis
1636 3919 1743 3985 vel
1787 3917 2187 3983 ordinatione
2229 3935 2459 3980 vocum
2502 3917 2641 3982 sive
2684 3917 2955 4003 partium
2998 3941 3139 3984 ora-

205 4019 397 4084 tionis
441 4043 558 4107 per
602 4021 953 4087 sententias
996 4021 1342 4108 simplices,
1385 4021 1694 4109 duplices,
1738 4019 2127 4106 multiplices
2153 4017 2325 4082 facta
2352 4017 2702 4083 secundum
2746 4040 3139 4086 communem

209 4121 522 4187 sermonis
567 4122 1112 4204 consuetudinem,
1160 4123 1373 4188 soluta
1411 4122 1694 4187 numeris
1740 4129 1806 4185 et
1846 4118 2053 4186 modis
2084 4119 2391 4184 orationis
2418 4119 2731 4205 poeticae,
2776 4123 3139 4190 colticarum

206 4245 354 4308 prae
403 4222 636 4290 ceteris
667 4225 976 4291 omnibus
1017 4223 1375 4310 linguarum
1421 4221 1772 4311 percipitur
1801 4221 2159 4309 proprietas
2202 4220 2333 4300 illa,
2382 4242 2508 4305 qua
2548 4221 2740 4288 certis
2784 4226 3141 4292 sententiae

206 4323 363 4390 locis
407 4324 564 4412 poni
611 4325 822 4392 solent
871 4325 1259 4412 principales
1310 4335 1528 4412 partes
1584 4323 1909 4389 orationis.
2008 4320 2349 4388 Accedunt
2385 4322 2809 4408 proprietates
2857 4325 3141 4412 ipsarum

207 4427 476 4508 partium
505 4426 814 4492 orationis
843 4427 1314 4515 principalium,
1361 4425 1640 4492 nominis
1683 4424 1790 4490 vel
1817 4423 2211 4510 pronominis
2256 4432 2323 4487 et
2362 4423 2561 4504 verbi,
2606 4433 2733 4489 tam
2762 4425 2942 4512 leges
2988 4449 3140 4494 con·-

211 4527 605 4609 strnctionis‚
651 4534 762 4592 aut
801 4529 1256 4614 congruentiae
1287 4536 1398 4593 aut
1421 4525 1748 4606 rectionis,
1795 4547 1985 4610 quam
2011 4524 2371 4610 proprietas
2401 4527 2901 4594 consuetudinis.
2956 4527 3141 4610 Quae

213 4625 288 4690 de
333 4627 806 4714 particularum,
853 4628 1292 4695 adverbiorum
1338 4628 1442 4694 vel
1493 4626 2035 4714 praepositionum
2095 4635 2161 4690 et
2200 4625 2746 4710 coniunctionum,
2802 4651 2879 4694 ac
2920 4653 3139 4696 nume-

211 4727 432 4791 ralium
477 4730 954 4795 constructione
995 4729 1208 4796 minus
1253 4728 1602 4816 singularia
1641 4728 1766 4793 hoc
1809 4727 2057 4791 demum
2098 4725 2241 4792 loco
2287 4729 2519 4814 exponi
2566 4730 2792 4811 solent,
2838 4752 3033 4817 supra
3068 4731 3138 4796 in

207 4829 522 4914 capitibus
569 4829 650 4896 de
689 4829 824 4895 illis
880 4830 1188 4897 orationis
1244 4831 1532 4919 partibus
1585 4829 1820 4894 tradita
1876 4835 2054 4910 sunt,
2128 4837 2200 4892 ut
2254 4839 2429 4894 esset
2476 4830 2544 4894 in
2598 4830 2799 4895 isdem
2858 4831 3019 4897 locis
3072 4841 3137 4896 et

205 4928 538 4996 formarum
595 4943 660 4996 et
713 4933 1141 5020 exemplorum
1203 4943 1608 5019 conspectus.
1707 4927 1895 5010 Quae
1959 4951 2109 4994 vero
2178 4929 2243 4993 in
2298 4929 2479 4995 libris
2535 4931 2965 5015 grammaticis
3026 4931 3137 4996 bo-

209 5031 460 5097 diernae
505 5033 764 5120 linguae
807 5033 874 5098 in
919 5045 1102 5120 parte
1146 5036 1224 5100 de
1271 5034 1524 5120 syntaxi
1559 5035 1963 5119 proferuntur
1992 5032 2085 5096 -de
2128 5031 2473 5097 infectione
2516 5020 2933 5097 consonarum
2965 5032 3138 5117 prin-

209 5133 522 5220 cipalium,
569 5135 826 5224 eclipsi,
881 5135 1130 5203 articuli
1185 5134 1406 5201 formis
1464 5143 1584 5201 etc.
1600 5184 1617 5217 ,
1673 5155 1754 5200 ea
1797 5134 2116 5222 pertinent
2172 5133 2253 5200 ad
2296 5133 2643 5201 doctrinam
2690 5131 2769 5198 de
2814 5133 2993 5198 sonis
3035 5131 3141 5200 vel
