3717 5642
831 419 948 498 IV.
991 429 1053 498 4.
1119 447 1545 498 rumonus·
1587 446 1972 496 unemun-
2015 445 2497 495 amrmmcm.
2763 427 2904 491 (715)
2972 425 3010 489 7
3015 421 3095 490 53

187 613 404 704 ywybot
455 639 528 684 or
566 621 924 707 corannyeit
975 619 1347 706 adywettynt
1399 619 1739 705 (ceperunt
1779 617 2121 686 consilium
2175 615 2300 683 alio
2342 613 2559 696 modo,
2614 635 2697 679 ne
2740 612 3011 681 sciretur
3060 637 3099 680 a

191 721 536 808 pygmaeis,
581 721 752 809 quod
794 721 1108 806 dicerent)
1161 719 1334 788 Mab.
1379 723 1438 804 3,
1471 721 1614 788 300.
1686 745 1772 787 na
1815 722 1923 786 dos
1964 719 2173 784 ditheu
2222 741 2348 805 yny
2384 715 2571 804 yyvyl
2610 715 2683 799 qt*
2709 738 2822 782 rac
2862 720 2946 805 dy
2991 720 3104 786 lad

192 823 423 886 οΙιοπαω
465 821 580 908 (ne
623 823 774 889 ieris
816 833 888 888 tn
929 823 999 890 in
1039 821 1213 888 illius
1258 821 1588 904 viciniam,
1633 845 1715 889 ne
1761 823 2075 890 occidaris
2120 823 2201 889 ab
2246 820 2353 906 eo)
2402 822 2457 900 1,
2490 817 2635 884 248.
2724 817 3099 888 Cambricae

191 923 467 1010 proprius
525 932 626 990 est
675 923 781 989 hic
835 921 1137 1012 loquendi
1193 923 1452 1006 modus,
1517 924 1816 1012 quoniam
1872 925 1941 990 in
1998 925 2229 992 ceteris
2289 921 2579 988 dialectis
2636 920 2858 987 eadem
2913 945 3097 1008 prae-

191 1025 408 1112 positio
451 1035 564 1092 aut
606 1025 992 1092 contrarium
1035 1025 1372 1113 significat,
1419 1035 1528 1092 aut
1569 1047 1711 1092 cum
1739 1025 2085 1112 negatione
2128 1025 2261 1094 abit
2302 1026 2371 1091 in
2400 1021 2943 1091 coniunctionem:
2986 1047 3101 1088 rac

193 1149 264 1191 na
303 1125 438 1214 (pp.
479 1127 624 1194 737.
655 1127 831 1212 738).

343 1227 623 1298 Cornica
663 1229 976 1316 particula
1011 1235 1084 1298 'et
1124 1229 1472 1298 aremorica
1511 1229 1580 1295 in
1625 1229 1945 1298 sententia
1985 1229 2325 1298 subiuncta
2368 1227 2594 1296 eadem
2637 1237 2768 1312 est,
2825 1249 2987 1315 quae
3030 1227 3099 1292 in

199 1329 488 1398 absoluta.

340 1431 396 1501 Ο
421 1432 720 1500 ornica:
775 1433 962 1522 Pylae
1005 1459 1046 1498 a
1082 1435 1312 1522 yrqhys
1353 1449 1496 1520 3032
1535 1483 1591 1499 ..
1617 1485 1634 1500 .
1678 1455 1893 1502 monas
1933 1449 2049 1519 3en
2091 1435 2240 1522 corf
2265 1448 2347 1522 33(
2386 1448 2547 1518 we33
2586 1455 2715 1498 nan
2757 1431 3023 1498 kemerre
3058 1453 3103 1516 y

199 1533 467 1620 yakeram
490 1585 505 1599 .
533 1585 548 1599 .
576 1585 592 1600 .
623 1535 705 1600 ha
743 1549 956 1624 quJe
997 1547 1126 1601 tam
1167 1561 1254 1602 na
1277 1537 1532 1624 quakem
1576 1533 1683 1622 (P.
1712 1537 1907 1605 iussit
1938 1561 2051 1606 eos
2094 1537 2188 1604 ire
2228 1535 2311 1603 ad
2339 1557 2571 1624 corpus
2615 1535 2695 1601 ad
2738 1532 3103 1602 custodien-

203 1635 333 1702 dum
374 1635 460 1719 id,
506 1658 588 1703 ne
635 1635 703 1703 id
731 1637 1050 1703 auferrent
1089 1636 1332 1704 inimici
1373 1639 1494 1720 sui,
1541 1647 1606 1705 et
1633 1661 1882 1722 cavere,
1926 1663 2009 1707 ne
2043 1637 2197 1728 quid
2240 1636 2612 1722 dormirent)
2656 1635 2733 1702 P.
2773 1637 2915 1716 241,
2948 1633 3007 1700 2.
3038 1633 3098 1698 3.

201 1761 270 1802 na
315 1761 464 1826 veny
525 1738 687 1826 12398
737 1761 962 1826 nynqes
997 1739 1180 1823 forth
1239 1754 1311 1824 ’ᾖε
1362 1755 1618 1824 omwe30
1669 1741 1784 1828 (ne
1837 1743 2232 1822 occidamur,
2287 1761 2419 1805 non
2476 1748 2577 1806 est
2637 1736 2745 1804 via
2798 1731 3099 1803 servandi

201 1839 406 1924 nostri)
439 1841 583 1923 245,
615 1843 677 1907 4.
733 1855 990 1926 omwe30
1013 1890 1027 1906 .
1054 1890 1069 1906 .
1101 1890 1114 1904 .
1145 1865 1232 1908 aa
1257 1843 1453 1929 peyhy
1483 1841 1761 1928 (cavere,
1806 1867 1891 1911 ne
1932 1842 2197 1932 pecces)
2242 1841 2345 1923 20,
2382 1843 2441 1908 3.
2498 1861 2593 1906 me
2635 1865 2677 1906 a
2712 1859 2854 1926 qeve
2896 1837 3097 1902 chotha

197 1963 318 2005 mur
369 1941 480 2008 dek
519 1966 606 2007 na
647 1963 898 2028 econyer
927 1945 1176 2030 pendra
1219 1966 1420 2030 τοι-εφη]
1469 1945 1828 2033 (colloquar
1870 1967 2015 2012 cum
2058 1967 2133 2012 eo
2178 1941 2578 2024 suavissime,
2622 1963 2707 2008 ne
2746 1948 3097 2020 recusetur,

201 2042 476 2131 quicquid
529 2043 840 2110 faciemus
893 2045 1047 2130 nos)
1116 2043 1199 2110 D.
1245 2047 1384 2114 190.
1489 2045 1830 2114 Formulae
1882 2047 1999 2112 rak
2050 2071 2136 2114 aa
2200 2045 2556 2134 exemplum
2623 2066 2818 2131 supra
2880 2041 3097 2108 attuli-

199 2167 317 2212 mus
355 2143 398 2212 l.
428 2167 483 2212 c.

342 2245 828 2314 Aremorica:
881 2249 1006 2311 mir
1047 2269 1134 2312 na
1157 2247 1306 2329 filli.
1350 2249 1476 2312 mir
1516 2272 1604 2314 na
1638 2272 1802 2338 qruy
1846 2251 1931 2316 da
1972 2251 2336 2316 damnation
2378 2247 2566 2334 (cave
2597 2270 2679 2315 ne
2709 2269 2901 2330 erres,
2948 2269 3103 2313 cave

202 2368 274 2412 ne
309 2347 542 2416 efficias
588 2348 1178 2416 condemnationem
1220 2351 1425 2434 tuam)
1467 2349 1631 2418 Buh.
1685 2353 1824 2430 166,
1856 2355 1918 2418 4.
1950 2353 2009 2416 7.
2087 2353 2197 2417 doe
2251 2373 2400 2416 roea
2454 2353 2538 2415 tir
2580 2375 2622 2414 a
2664 2352 2823 2414 miro
2864 2350 2957 2414 dic
2999 2360 3101 2413 tra

201 2447 362 2514 hedro
399 2473 486 2516 na
525 2473 713 2517 nomo
755 2463 898 2536 quet
939 2449 1128 2536 (deus
1169 2474 1286 2517 rex
1311 2461 1519 2520 terrae
1561 2453 1940 2540 providebit,
1985 2476 2069 2520 ne
2098 2453 2216 2520 tibi
2250 2451 2605 2540 quidquam
2644 2472 2816 2517 nunc
2844 2447 3103 2533 noceat)

202 2549 252 2630 6,
286 2551 378 2616 26.
428 2574 506 2616 ne
545 2553 754 2638 eqffas
797 2575 955 2638 span
993 2564 1150 2638 qaut
1190 2575 1314 2618 oua
1371 2579 1456 2619 na
1499 2578 1611 2620 ven
1654 2556 1887 2642 daffnet
1936 2556 2097 2641 (non
2139 2553 2324 2642 capio
2378 2552 2898 2640 tranquillitatem
2950 2572 3105 2636 prae

203 2651 402 2720 timore
440 2677 525 2720 ne
558 2653 850 2739 damner)
899 2655 1038 2736 162,
1070 2657 1130 2720 5.
1163 2657 1222 2720 6.
1307 2654 1608 2723 Formula
1646 2681 1760 2722 rac
1799 2681 1917 2722 na:
1964 2659 2066 2722 niz
2107 2657 2343 2722 oezlouo
2367 2706 2382 2721 .
2409 2704 2423 2720 .
2453 2706 2467 2721 .
2496 2680 2577 2720 vn
2614 2677 2766 2742 θυαε
2809 2651 2979 2718 arall
3019 2675 3105 2716 an

209 2763 293 2816 tra
329 2777 385 2818 se
421 2776 532 2820 rao
576 2779 664 2820 na
705 2757 921 2840 hoarfe
943 2757 1117 2843 qoall
1157 2757 1684 2841 (auscultabimus
1726 2757 1863 2842 tibi,
1906 2781 1989 2826 ne
2032 2757 2265 2825 iterum
2304 2758 2433 2824 ista
2470 2779 2575 2823 res
2618 2756 2869 2824 accidat
2908 2751 3104 2838 male)

206 2853 346 2921 Buh.
377 2857 474 2939 74,
514 2857 610 2924 10.
669 2857 913 2923 ahenea
941 2879 1115 2923 reson
1157 2880 1224 2924 eo
1251 2870 1487 2924 monet.
1515 2907 1528 2922 .
1557 2909 1572 2924 .
1594 2881 1708 2926 rac
1747 2883 1898 2924 nam
1942 2861 2008 2926 be
2052 2861 2216 2926 blam
2260 2883 2327 2926 oz
2356 2861 2526 2925 chom
2555 2881 2743 2926 aman
2785 2856 2967 2942 (hinc
2992 2878 3106 2921 ne-

207 2977 364 3025 cesse
407 2967 505 3025 est
546 2960 745 3043 abire,
790 2982 872 3026 ne
917 2958 1184 3027 habeam
1228 2960 1503 3028 dedecus
1546 2984 1812 3028 manens
1855 2962 1993 3049 hic)
2038 2965 2139 3046 98,
2170 2963 2242 3044 83
2286 2963 2365 3028 cf.
2412 2983 2607 3046 supra
2647 2961 2688 3026 l.
2719 2980 2776 3025 c.

349 3063 407 3126 5.
477 3055 904 3148 Negationem
945 3060 1268 3148 duplicem
1310 3061 1414 3128 vel
1454 3063 1873 3150 multiplicem
1909 3065 2170 3150 copulat
2208 3065 2468 3152 propria
2510 3061 2823 3151 particula
2864 3061 3105 3127 britan-

209 3160 335 3227 nica
370 3161 524 3246 NA,
581 3171 730 3229 ante
783 3163 1041 3230 vocales
1083 3161 1270 3230 NAO
1327 3163 1629 3252 (neque),
1687 3166 1825 3232 sive
1884 3166 2239 3254 duplicatur
2291 3167 2396 3232 vel
2438 3165 2891 3252 multiplicatur
2941 3162 3103 3248 ipsa,

211 3263 328 3330 sive
353 3265 707 3354 simplicem
738 3264 1120 3330 sententiam
1160 3266 1522 3350 negativam
1554 3267 1842 3353 sequitur
1887 3269 2316 3355 (respondens
2347 3290 2538 3353 germ.
2570 3264 2770 3348 noch).
2852 3263 2931 3330 In
2962 3285 3105 3350 qua,

211 3385 336 3430 cum
384 3389 502 3434 nec
547 3365 684 3433 eius
727 3365 872 3432 loco
915 3365 1280 3432 inveniatur
1319 3369 1482 3430 πί-
1506 3371 1578 3432 m'
1621 3369 1722 3454 (ut
1761 3369 1830 3434 in
1871 3369 2201 3437 hibernica
2242 3369 2488 3455 lingua)
2547 3375 2611 3432 et
2653 3375 2800 3432 ante
2843 3367 3107 3430 verbum

213 3468 536 3534 sententiae
594 3491 844 3555 semper
899 3468 1164 3556 insuper
1207 3469 1548 3556 praecedat
1589 3471 1904 3558 particula
1942 3475 2271 3560 negativa,
2328 3471 2544 3536 inesse
2596 3467 3107 3534 coniunctionem

215 3565 639 3636 disiunctivam
683 3569 1060 3658 suspiceris3
1107 3569 1184 3636 cf.
1229 3581 1445 3636 tamen
1489 3593 1654 3656 quae
1685 3595 1880 3660 supra
1920 3575 2013 3662 (p.
2048 3575 2201 3660 724)
2245 3572 2705 3638 adnotavimus.

367 3667 782 3737 Cambrica
825 3671 1144 3759 exempla:
1189 3694 1272 3757 ny
1316 3671 1438 3757 byd
1477 3676 1596 3736 reit
1637 3676 1714 3738 itt
1755 3679 1914 3738 torri
1954 3701 2036 3740 na
2076 3698 2304 3764 qwaew
2346 3699 2430 3738 na
2474 3672 2731 3756 clzledyf
2783 3672 2943 3756 (non
2989 3675 3109 3739 erit

213 3773 615 3838 necessarium
656 3772 780 3839 tibi
819 3771 1111 3858 frangere
1155 3795 1276 3839 nec
1321 3774 1568 3839 hastam
1608 3797 1729 3842 nec
1757 3776 2072 3861 gladium)
2100 3775 2277 3844 Mab.
2314 3780 2369 3858 1,
2402 3775 2543 3840 259.
2610 3795 2695 3856 ny
2736 3774 2957 3858 welynt
2997 3775 3109 3838 neb

217 3892 325 3954 ψ
362 3873 514 3938 diram
561 3898 648 3938 na
695 3874 800 3958 thy
838 3897 958 3939 nac
1000 3876 1253 3941 aniuez'l.
1297 3900 1382 3942 na
1423 3897 1594 3940 ἠπ-ο,
1638 3901 1724 3942 πα
1754 3877 1923 3941 than.
1967 3900 2053 3942 na
2095 3878 2240 3963 ἀμφι.
2285 3901 2371 3940 na
2412 3876 2775 3962 chyuanned
2815 3875 2977 3960 (non
3014 3877 3111 3943 vi-

219 3969 422 4039 debant
461 3974 812 4062 quidquam
853 3975 964 4054 rei,
1006 3998 1128 4042 nec
1173 3975 1420 4042 domum
1465 3998 1586 4042 nec
1631 3977 1868 4043 animal
1910 3999 2033 4044 nec
2073 3978 2312 4043 fumum
2352 3999 2474 4043 nec
2501 3976 2715 4062 ignem
2758 3965 2883 4042 nec
2909 3977 3109 4044 homi-

219 4093 338 4139 uem
372 4097 492 4142 nec
531 4075 998 4162 habitaculum)
1046 4079 1104 4158 3,
1153 4079 1293 4142 146.
1367 4099 1485 4140 πασ
1521 4101 1565 4164 y
1608 4079 1766 4161 ades
1801 4079 1937 4145 aad
1977 4080 2149 4146 awclt
2203 4091 2293 4144 tac
2350 4079 2504 4142 clzwi
2543 4101 2662 4142 nac
2708 4099 2752 4164 y
2795 4079 2985 4144 climat
3026 4103 3109 4166 ny

217 4173 468 4240 <leuchum
521 4181 554 4244 i
606 4177 760 4262 (nec
816 4179 896 4243 ad
948 4177 1370 4264 profitendam
1425 4179 1785 4246 caesionem
1841 4183 2041 4248 vestri
2098 4181 2299 4269 patris
2351 4200 2474 4244 nec
2529 4179 2610 4242 ad
2664 4177 3107 4265 denegandam
3196 4197 3213 4218 ·

220 4275 344 4339 veni
383 4279 530 4364 ego)
579 4284 636 4361 1,
685 4281 828 4345 287.
907 4279 1135 4346 αᾶὕωτι
1197 4281 1312 4344 oed
1344 4281 1592 4367 qennyfi'
1625 4287 1745 4368 θεέ.
1803 4307 1890 4348 na
1933 4283 2226 4369 dihanyei
2274 4282 2487 4366 nadyn
2528 4279 2841 4366 nallwdyn
2889 4304 3111 4369 ynvyw

221 4371 298 4458 (st
327 4399 695 4463 persuasum
752 4388 888 4446 erat
941 4379 1092 4445 mihi
1138 4378 1215 4448 O.
1268 4402 1400 4446 non
1445 4403 1780 4466 evasurum
1823 4385 2043 4451 vivum
2070 4405 2219 4470 ⁴nec
2258 4383 2583 4448 hominem
2634 4403 2757 4446 nec
2808 4382 3108 4469 bestiam)

225 4477 269 4556 l,
293 4479 344 4542 9.
417 4479 636 4568 hyepys
671 4503 772 4568 yw
807 4471 1010 4568 qenff
1049 4506 1138 4548 na
1179 4481 1362 4568 chynt
1413 4507 1499 4547 na
1536 4487 1750 4573 qwedy
1799 4509 1887 4551 na
1930 4475 2159 4572 chiqlef
2206 4485 2235 4547 i
2272 4483 2421 4548 kerd
2458 4483 2657 4570 kyscal
2707 4481 3111 4569 (persuasum

224 4587 301 4642 ent
331 4579 511 4666 mihi,
557 4603 682 4647 nec
724 4591 914 4648 antea
951 4605 1076 4649 nec
1117 4593 1347 4670 postea
1387 4607 1487 4649 me
1532 4585 1790 4653 audisse
1846 4595 2099 4652 cantum
2154 4608 2355 4672 aeque
2401 4583 2679 4668 dulcem)
2727 4586 2783 4666 1,
2824 4587 2889 4666 93
2963 4596 3112 4672 post

229 4677 550 4766 simplicem
591 4683 1026 4770 negationem:
1075 4704 1156 4770 ny
1201 4682 1325 4766 byd
1363 4687 1488 4770 ryd
1528 4687 1679 4751 lieno
1719 4711 1840 4752 nac
1880 4709 2076 4772 auory
2118 4712 2203 4752 na
2246 4687 2546 4772 threnkyd
2587 4685 2749 4770 (non
2788 4683 2951 4750 liber
2993 4687 3114 4752 erit

227 4775 320 4846 hac
353 4793 533 4851 nocte
576 4807 702 4851 nec
744 4807 886 4853 cras
931 4807 1054 4851 nec
1095 4786 1433 4873 perendie)
1484 4791 1539 4870 1,
1571 4789 1716 4858 289.
1783 4812 1824 4854 α
1853 4789 2037 4854 dikeu
2079 4791 2191 4855 oed
2228 4791 2308 4853 iti
2326 4791 2447 4875 qei.
2490 4787 2770 4852 nawelea
2810 4787 3113 4852 ieirnwet

228 4877 350 4969 ὄψι
395 4911 479 4954 na
521 4887 696 4974 llyna
743 4887 1035 4974 nywelwn
1083 4910 1208 4975 yno
1243 4889 1553 4978 yqyffelyp
1608 4891 1706 4976 (et
1749 4899 1989 4957 certum
2043 4900 2187 4972 erat·
2231 4889 2350 4957 tibi
2394 4888 2471 4958 O.
2538 4909 2643 4953 me
2694 4908 2823 4952 non
2868 4887 3110 4956 vidisse

229 5003 460 5071 unquam
503 4989 720 5057 cibum
758 5011 883 5055 nec
925 5001 1176 5076 potum,
1235 5013 1422 5078 quem
1462 5014 1594 5058 non
1636 4990 1919 5058 viderem
1960 4991 2053 5059 ibi
2094 4990 2361 5080 pariter)
2410 4993 2463 5074 1,
2496 4992 2553 5055 5.
2641 4986 2804 5056 Cum
2847 4991 3114 5057 articulo

230 5083 308 5148 vel
341 5089 702 5173 pronomine
744 5089 944 5158 infixo
991 5091 1366 5158 coalescens
1408 5093 1746 5180 particula:
1795 5117 1872 5158 ac
1911 5116 1997 5178 ny
2024 5095 2232 5177 dywat
2270 5115 2393 5156 nar
2430 5113 2565 5178 ρων
2604 5113 2725 5154 nac
2764 5115 2845 5154 vn
2885 5114 2959 5156 or
2984 5115 3113 5158 mo·

235 5200 430 5272 rynyon
454 5213 536 5255 vn
559 5192 700 5278 φεῦ·
729 5190 882 5276 (nec
904 5193 1066 5258 dixit
1091 5215 1305 5280 neque
1337 5195 1434 5260 vir
1463 5218 1670 5281 neque
1713 5217 1842 5260 una
1880 5218 1915 5259 e
1955 5193 2187 5280 puellis
2230 5191 2424 5258 ullum
2458 5193 2746 5278 verbum)
2768 5191 2943 5260 Mab.
2978 5199 3027 5276 l,
3054 5199 3111 5259 5.

341 5305 524 5375 ztan,
563 5325 772 5364 eamn.
809 5325 962 5366 οιιτ.
1013 5307 1114 5364 En.
1151 5309 1220 5368 11.
1321 5331 1338 5352 ⁴
2643 5314 2710 5363 48
