3717 5642
1043 273 1159 342 IV.
1206 277 1264 343 3.
1331 293 1883 344 OOHIUNO'HONBS
1924 291 2405 343 amrmmeaa.
2705 279 2845 340 (6⁸8·
2872 277 2993 340 689)
3061 275 3182 340 725

287 461 368 545 (et
404 471 500 528 est
535 471 671 526 tam
715 463 1050 548 superbus,
1095 463 1500 550 quantumvis
1543 463 1630 530 sit
1670 462 2015 550 superbus)
2061 463 2101 528 3
2118 485 2174 528 a.
2226 485 2347 528 nac
2386 463 2507 548 ouf
2538 485 2679 528 mao-
2707 486 2815 528 son
2861 463 3185 550 (quamvis

285 564 556 630 robustus
585 561 744 648 sim)
788 564 908 632 132
926 565 986 629 b.
1039 586 1160 628 ome
1198 587 1276 630 oa
1301 586 1444 629 mar
1471 577 1670 631 cenem
1715 565 2035 653 (quamvis
2068 573 2275 630 certus
2310 563 2512 649 esset)
2559 566 2639 630 79
2652 587 2708 632 a.
2764 588 2890 650 naq
2930 587 3006 630 oa
3044 585 3188 628 mar

287 665 422 730 calet
459 664 778 754 (quamvis
821 665 1018 732 durus
1061 665 1266 750 esset)
1317 667 1526 748 158b3
1585 667 1661 733 cf.
1707 687 1828 732 nae
1870 666 2053 730 mitae
2096 656 2619 750 (‘nihilominus')
2664 665 2850 733 Gath.
2938 665 3185 732 Eadem

279 766 528 834 fortasse
567 789 714 834 cnm
757 767 1022 835 articulo
1063 768 1462 837 coalescens:
1505 779 1634 834 netu
1679 791 1759 832 va
1785 767 2093 852 feunteun
2134 779 2377 851 eyennet
2420 790 2505 832 an
2531 769 2794 850 caetras
2822 793 2949 832 nan
2990 767 3183 852 necas,

281 869 446 953 εσθαι
484 869 666 953 (8888
709 869 852 937 fons
897 868 1008 956 qui
1051 870 1286 936 scatuit
1323 869 1818 937 formosissimus
1864 877 1929 934 et
1969 867 2397 934 nitidissimus
2440 869 2549 954 qui
2591 869 2867 935 inveniri
2913 881 3160 957 poterat

281 969 393 1035 nisi
435 970 556 1058 leg.
597 969 800 1056 aad)
838 967 1002 1037 Buh.
1033 973 1172 1055 100,
1201 973 1298 1041 16.

431 1070 702 1158 Propria
729 1071 1093 1139 coniunctio
1125 1071 1514 1140 disiunctiva
1541 1073 1832 1139 cambri
1851 1094 1943 1138 ca
1970 1081 2071 1138 est
2098 1070 2313 1138 NEU:
2355 1095 2430 1136 ae
2456 1084 2601 1136 enat
2628 1073 2741 1158 llys
2770 1095 2887 1138 neu
2916 1095 2991 1136 ac
3019 1073 3188 1138 arall

283 1172 438 1256 (cum
477 1173 692 1240 indice
735 1174 949 1242 curiae
994 1175 1099 1242 vel
1141 1197 1284 1241 cum
1311 1174 1470 1260 alio)
1511 1173 1670 1262 Leg.
1707 1178 1761 1256 1,
1799 1177 1895 1256 11,
1934 1177 2029 1240 18.
2086 1175 2228 1238 duw
2256 1174 2505 1239 nadolic
2545 1197 2660 1239 neu
2692 1176 2833 1238 duw
2851 1197 3008 1260 pasc
3049 1173 3183 1258 (die

279 1274 694 1342 nataliciorum
753 1277 860 1344 vel
917 1277 1022 1344 die
1076 1275 1434 1363 paschatis)
1483 1275 1658 1343 Mab.
1713 1279 1762 1356 1,
1796 1281 1854 1342 4.
1920 1287 2033 1360 nyt
2088 1277 2199 1340 oed
2238 1299 2325 1340 un
2369 1275 2577 1360 llestyr
2630 1299 2862 1362 namyn
2916 1298 3027 1340 eur
3068 1299 3183 1340 neu

289 1389 496 1462 aryant
535 1399 654 1443 neu
695 1380 862 1444 vueli
916 1380 1078 1463 (non
1122 1387 1258 1445 erat
1299 1401 1490 1444 unum
1532 1401 1648 1445 vas
1691 1377 1820 1445 nisi
1868 1399 2124 1444 aureum
2173 1377 2277 1443 vel
2332 1387 2695 1464 argenteum
2747 1379 2852 1445 vel
2907 1401 2942 1444 e
2986 1400 3181 1445 cornu

282 1477 507 1563 bubali)
555 1482 612 1562 1,
643 1481 702 1546 5.

433 1581 769 1668 Repetitae
809 1593 1022 1648 tamen
1075 1581 1266 1648 huius
1320 1581 1788 1664 coniunctionis
1845 1581 1989 1646 loco
2049 1580 2309 1666 saepius
2352 1580 2685 1648 adhibetur
2732 1582 3187 1669 interrogativa

284 1682 610 1750 AE—AE
669 1682 810 1768 (aut
835 1721 916 1734 —
943 1695 1082 1766 aut;
1137 1685 1215 1750 cf.
1261 1683 1392 1750 hib.
1436 1682 1850 1768 imb--imby
1910 1703 1954 1767 9
1994 1680 2259 1768 kaffuw‘
2300 1704 2341 1768 y
2384 1705 2579 1748 amen
2622 1705 2697 1747 ae
2736 1706 2809 1750 eu
2854 1683 3071 1766 benffic
3112 1705 3185 1748 ae

285 1808 348 1848 ar
383 1787 590 1871 wystyl
631 1785 904 1870 (sumam
948 1784 1086 1852 eius
1131 1808 1305 1853 arma
1347 1795 1455 1852 ant
1490 1795 1776 1852 mutuata
1817 1793 1927 1850 ant
1968 1805 2084 1870 pro
2112 1783 2411 1870 pignore)
2440 1782 2612 1850 Mab.
2647 1786 2704 1867 2,
2744 1789 2839 1850 11.
2895 1784 3045 1849 tehic
3082 1807 3182 1870 yw

281 1885 491 1972 ymnyf
521 1887 790 1952 mdoetlt
823 1887 1136 1973 ywrthunt
1177 1887 1293 1952 heb
1335 1887 1446 1952 lad
1486 1909 1560 1952 ae
1599 1889 1696 1952 rei
1731 1887 2015 1952 onadunt
2054 1909 2127 1950 ae
2167 1885 2364 1972 kwbyl
2408 1887 2812 1972 (persuasum
2856 1898 2959 1953 est
3002 1887 3176 1969 mihi,

287 2010 404 2053 eum
443 2011 572 2054 non
616 1987 836 2054 abisse
880 1988 962 2054 ab
1007 1988 1123 2072 eis,
1166 2000 1239 2055 ut
1277 2012 1404 2057 non
1451 1988 1772 2056 occideret
1813 1998 1925 2054 aut
1966 1987 2215 2074 aliquos
2262 2010 2342 2052 ex
2384 1989 2481 2054 eis
2520 1997 2633 2053 aut
2674 1989 2925 2074 omnes)
2972 1989 3030 2070 2,
3078 1990 3178 2054 58.

286 2089 352 2174 dy
387 2089 594 2176 elhonq
645 2109 721 2155 ae
757 2110 839 2176 φ·
879 2111 992 2154 eur
1049 2113 1122 2156 ae
1157 2114 1240 2178 yr
1280 2100 1511 2177 amant
1552 2111 1626 2156 ae
1663 2111 1743 2175 yr
1778 2089 1953 2176 yolut
1985 2089 2401 2176 prmennawl
2420 2139 2435 2154 .
2465 2139 2480 2154 .
2506 2139 2523 2154 .
2554 2089 2879 2174 (liberatio
2921 2101 3033 2156 tua
3075 2101 3185 2155 aut

286 2211 414 2254 auro
455 2199 564 2256 ant
605 2200 870 2278 argento
913 2202 1024 2258 aut
1062 2191 1228 2258 dono
1275 2191 1558 2279 pretioso
1602 2200 1756 2272 otc.;
1801 2190 1883 2256 cf.
1928 2213 1989 2277 p.
2022 2193 2179 2276 670)
2212 2193 2270 2273 2,
2297 2191 2439 2258 234.

424 2289 691 2360 Ceterae
749 2291 1008 2359 dialecti
1063 2293 1386 2380 propriam
1442 2294 1728 2360 eiusdem
1771 2292 2262 2378 significationis
2304 2293 2705 2380 particulam,
2762 2315 2891 2379 qua
2942 2303 3177 2372 carent,

289 2393 562 2480 supplent
599 2393 822 2460 formis
865 2393 1045 2459 verbi
1089 2395 1474 2462 substantivi
1516 2394 1628 2478 (cf.
1658 2394 1788 2462 hib.
1803 2395 1909 2480 fa,
1942 2393 2083 2479 ba):
2126 2417 2298 2463 corn.
2330 2393 2470 2477 ΡΟ,
2500 2394 2641 2476 ΒΟ,
2672 2393 2781 2478 ΡΙ,
2828 2419 3016 2461 arem.
3042 2394 3177 2460 PE.

427 2492 765 2562 Cornica
820 2497 1140 2584 exempla:
1205 2519 1350 2584 may
1381 2495 1485 2580 fes
1525 2497 1688 2582 le3ys
1740 2495 1812 2562 bo
1853 2496 2129 2582 delyffris
2192 2499 2294 2580 (ut
2333 2496 2645 2564 occidaris
2704 2505 2814 2564 aut
2854 2495 3177 2582 libereris)

287 2593 344 2659 Ρ.
388 2598 518 2678 144,
555 2600 619 2663 4.
691 2596 838 2664 heva
881 2600 998 2664 den
1035 2598 1196 2685 yonlc
1251 2597 1322 2664 bo
1365 2599 1483 2662 den
1524 2599 1658 2664 ceth
1711 2598 1883 2682 (sive
1938 2606 2039 2666 est
2088 2597 2199 2664 ille
2254 2597 2441 2664 homo
2492 2597 2746 2664 iuvenis
2800 2598 2939 2664 sive
2990 2599 3177 2664 homo

285 2697 500 2784 senex)
549 2702 670 2766 175
702 2699 763 2765 3.
851 2699 1188 2766 Primitiva
1235 2699 1426 2766 huius
1469 2700 1820 2788 particulae
1864 2699 1967 2765 vis
2014 2709 2078 2766 et
2120 2699 2296 2786 origo
2342 2709 2623 2787 apparet,
2668 2699 2777 2766 ubi
2824 2699 3180 2786 duplicatur

284 2799 368 2864 vel
403 2800 878 2890 multiplicatur:
942 2823 1018 2886 pe
1057 2802 1198 2886 nyle
1238 2826 1324 2867 an
1367 2804 1482 2866 dus
1534 2825 1576 2866 a
1615 2801 1758 2887 vyth
1813 2801 2087 2888 delyffris
2118 2822 2206 2886 po
2246 2812 2411 2888 cryso
2433 2850 2447 2865 .
2475 2850 2489 2864 .
2517 2850 2532 2865 .
2562 2821 2644 2886 po
2689 2799 2955 2865 barabas
3010 2803 3180 2888 (uter

281 2897 570 2968 boninum
611 2901 1003 2986 liberabitur,
1052 2900 1202 2970 Chr.
1247 2925 1332 2970 an
1371 2904 1448 2969 B.
1465 2903 1526 2988 Ρ)
1573 2902 1646 2969 Ρ.
1684 2905 1822 2984 125,
1855 2905 1914 2969 3.
1946 2905 2006 2969 4.
2066 2915 2217 2986 3030
2256 2901 2530 2989 kymmys
2570 2925 2635 2966 vs
2678 2902 2907 2987 ordnys
2950 2903 3019 2967 bo
3064 2905 3180 2968 cle-

282 3023 367 3065 vaae
416 3002 481 3068 bo
528 3005 680 3091 path
735 3003 946 3070 keecar
1003 3003 1076 3069 bo
1127 3006 1238 3070 dre
1295 3003 1504 3070 breson
1549 3025 1844 3091 μαθημα
1909 3003 2257 3092 (quidquid
2314 3004 2371 3070 ei
2428 3003 2785 3070 ordinatum
2841 3016 2967 3086 est,
3038 3007 3178 3072 sive

279 3103 506 3171 morbus
553 3115 655 3172 est
698 3105 838 3172 sive
879 3115 1242 3192 paupertas,
1287 3105 1426 3172 sive
1468 3128 1584 3192 per
1627 3105 2065 3193 captivitatem
2108 3105 2565 3190 incarceratur)
2610 3107 2709 3184 24,
2746 3106 2804 3170 3.

417 3203 494 3272 111
537 3204 695 3275 Voc.
741 3208 910 3274 idem
953 3208 1346 3295 significatur
1383 3208 1584 3276 forma
1620 3207 1716 3293 pi:
1771 3229 1987 3294 qoecor
2024 3209 2097 3293 pi
2136 3207 2282 3272 teiln
2322 3207 2621 3292 (familia)
2668 3209 2746 3272 7·.
2806 3208 2901 3272 teu
2938 3209 3015 3293 pi
3056 3208 3179 3272 ohil

278 3303 532 3394 (clavus)
590 3309 674 3374 7⁸.
738 3310 1030 3397 penquqh
1077 3331 1222 3396 yrec
1267 3311 1343 3395 pi
1375 3309 1684 3395 pellistlcer
1741 3309 2126 3394 (mastruga)
2170 3309 2249 3374 9³.
2345 3309 2512 3376 Item
2564 3309 2697 3376 fere
2740 3311 2809 3374 in
2852 3307 2999 3374 Dr.:
3068 3310 3177 3373 leeb

277 3410 476 3494 cowytlt
525 3433 620 3498 γρ]
661 3411 942 3476 comethes
995 3410 1170 3495 (sine
1212 3409 1392 3478 socio
1445 3421 1555 3478 aut
1598 3411 1805 3497 socia)
1851 3408 1929 3477 Ο.
1979 3412 2079 3476 95.
2142 3409 2265 3496 kyn
2290 3412 2369 3496 fe
2410 3413 2726 3500 mqutern
2762 3433 2849 3496 py
2892 3433 3179 3495 emprom·

278 3506 406 3590 (etsi
447 3521 624 3578 esset
661 3534 779 3578 rex
821 3511 928 3577 vel
967 3513 1338 3600 imperator)
1383 3513 1462 3580 Ο.
1495 3513 1680 3581 2053.

415 3613 914 3682 Aremorica:
951 3637 1034 3702 pe
1061 3607 1244 3698 (vel,
1277 3637 1410 3698 seu,
1441 3638 1544 3698 an,
1577 3623 1704 3696 aut,
1747 3605 1900 3700 ve'),
1948 3617 2061 3699 qui
2094 3635 2173 3698 pe
2199 3616 2369 3698 quies
2399 3605 2691 3699 (‘eanis')
2738 3610 2922 3680 Cath.
2980 3627 3181 3678 monet

276 3732 427 3777 assur
478 3714 668 3780 bedan
709 3712 858 3781 cure
887 3737 972 3802 pe
1011 3740 1092 3781 vn
1131 3738 1201 3782 re
1242 3742 1284 3783 a
1323 3738 1393 3782 ve
1436 3718 1646 3781 dereat
1695 3715 1820 3800 (ire
1866 3725 2039 3782 certo
2082 3716 2165 3781 ad
2209 3725 2493 3782 curatum
2538 3715 2642 3780 vel
2682 3715 2959 3802 aliquem
3006 3725 3181 3781 esset

276 3815 669 3901 conveniens)
707 3814 873 3882 Buh.
923 3818 1062 3901 138,
1095 3821 1152 3885 3.
1211 3842 1298 3884 na
1329 3821 1528 3905 paiur
1569 3829 1713 3902 quet
1743 3839 1827 3903 pe
1866 3839 1997 3882 mez
2040 3818 2215 3883 laedo
2257 3818 2371 3902 (ne
2410 3817 2858 3904 periuraveris,
2906 3827 3015 3883 aut
3056 3840 3176 3904 ego

275 3923 327 3978 te
365 3915 730 4004 diffamabo)
781 3919 918 4001 172,
949 3920 1010 3986 4.
1065 3941 1150 4005 pe
1193 3941 1258 3984 ez
1297 3930 1436 3983 vent
1470 3919 1624 4006 qlan
1663 3940 1738 3982 en
1773 3941 1943 4005 poan
1984 3931 2189 3984 manet
2233 3919 2375 4004 (aut
2413 3919 2482 3984 in
2524 3939 2735 4005 poena
2774 3941 2949 4002 mere
2993 3942 3173 3985 mau-

276 4013 518 4103 sissent)
557 4018 696 4086 MJ.
729 4019 812 4086 23
825 4020 888 4085 b.

415 4118 672 4209 Duplex
715 4121 822 4188 vel
861 4121 1194 4209 multiplex
1237 4122 1456 4188 eadem
1501 4122 1847 4209 particula:
1892 4145 1987 4188 me
2029 4125 2212 4188 carba
2247 4134 2509 4210 qouzout
2549 4135 2691 4208 quet
2726 4123 2926 4210 youde
2965 4145 3042 4207 pe
3081 4145 3177 4186 me

276 4213 330 4280 be
365 4241 458 4284 ma
499 4231 604 4287 tra
641 4246 722 4310 pe
761 4246 912 4290 nam
953 4222 1024 4288 be
1059 4245 1137 4310 pe
1178 4225 1296 4288 coll
1333 4247 1419 4289 an
1459 4235 1564 4290 tra
1603 4245 1664 4289 se
1705 4244 1850 4289 mar
1892 4223 1961 4288 be
1999 4237 2095 4290 ret
2149 4225 2371 4311 (velim
2426 4223 2593 4290 scire
2646 4233 2875 4310 postea
2893 4271 2911 4304 ,
2967 4233 3169 4290 utrum

275 4314 572 4388 habiturus
617 4347 756 4390 sum
799 4349 932 4392 rem
975 4349 1197 4407 meam,
1243 4347 1326 4392 an
1367 4348 1499 4391 non
1540 4324 1826 4408 habeam,
1874 4347 1953 4391 an
1996 4327 2241 4394 iactura
2279 4326 2469 4392 huius
2511 4326 2607 4391 rei
2650 4325 3018 4392 necessaria
3059 4325 3174 4410 sit)

273 4417 410 4488 Buh.
443 4425 584 4508 170,
621 4427 698 4492 18
731 4421 873 4515 sqq.

412 4547 462 4592 c.
503 4525 991 4614 Significatione
1023 4527 1232 4592 differt
1257 4526 1460 4596 forma
1489 4529 1915 4611 cambrioa,
1958 4530 2353 4615 respondens
2386 4528 2789 4610 aremoricae,
2834 4529 2986 4594 PEI
3030 4526 3170 4614 (si),

276 4626 608 4695 coniunctio
656 4629 1122 4696 condicionalis
1163 4629 1711 4716 frequentissima:
1760 4631 1959 4716 vyued
1998 4631 2113 4696 oed
2147 4632 2395 4718 yennffl
2426 4634 2537 4717 pei
2568 4631 2809 4718 yzoypei
2846 4631 2921 4714 ef
2953 4641 3057 4694 vot
3099 4653 3178 4695 αι·

273 4745 304 4807 y
331 4749 576 4816 uenam·
631 4731 844 4816 kynny
897 4753 984 4794 na
1027 4731 1185 4794 delei
1228 4753 1274 4817 9
1313 4731 1676 4817 laeamdiffyn.
1732 4731 1921 4818 uphei
1965 4732 2316 4816 mynnewch
2372 4733 2527 4798 chwi
2578 4733 2727 4817 vym‘
2778 4732 3041 4796 ‹iresca-w
3094 4731 3175 4815 qf.

275 4829 402 4894 ”viad
437 4855 620 4898 aaron
670 4853 716 4917 y
757 4831 916 4897 ckwi
965 4832 1219 4917 (mirum
1264 4843 1400 4898 erat
1437 4833 1628 4917 mihi,
1687 4835 1743 4900 si
1789 4835 1987 4900 sciret
2022 4835 2197 4919 ipse,
2254 4856 2481 4921 eques,
2534 4831 2869 4898 imminere
2923 4832 3175 4919 puellae

276 4924 394 5014 hoc,
455 4932 628 5020 quod
679 4955 812 4998 non
867 4931 989 4998 iret
1043 4933 1126 4999 ad
1171 4955 1315 5000 eam
1355 4933 1768 5018 liberandam,
1825 4934 1943 5002 sed
1988 4937 2045 5001 si
2090 4935 2423 5022 accipiatis
2470 4956 2570 5000 me
2610 4933 2785 5000 illius
2829 4933 3005 5016 loce,
3038 4955 3173 5049 ege

277 5050 382 5100 eam
425 5043 654 5104 contra
696 5033 850 5119 voa)
892 5033 1069 5104 Mab.
1116 5039 1172 5119 1,
1203 5035 1304 5102 35.
1359 5037 1472 5122 pei
1509 5059 1659 5104 nam
1695 5037 2065 5126 qoqanewck
2096 5089 2111 5106 .
2136 5083 2151 5102 .
2178 5087 2195 5104 .
2233 5039 2326 5102 mi
2360 5061 2402 5102 a
2439 5035 2686 5125 qyslewn
2730 5035 2821 5120 (si
2862 5059 2991 5102 non
3034 5034 3177 5102 irri—
