3717 5642
602 403 678 471 V.
714 405 770 474 1.
837 420 1206 470 namma-10
1247 420 1536 470 GALLICA
1594 421 1682 468 nr
1723 419 2094 469 mammea
2135 419 2583 478 mommsen.
2638 403 2778 468 (735-
2806 407 2928 470 736)
2986 405 3109 470 773

219 589 616 672 Cabillonum,
659 591 1014 657 Lemonum
1059 588 1248 658 Caes.
1315 590 1550 654 Abona
1590 587 1829 672 Geogr.
1876 589 2036 654 Rav.
2121 587 2227 654 Ex
2268 587 2823 674 inscriptionibus:
2884 591 3111 656 Sirone.

215 692 391 758 Stein.
441 693 584 759 305.
671 693 942 758 Banona
982 691 1168 760 Grut.
1215 690 1358 773 763,
1390 693 1448 756 6.
1494 693 1637 772 872,
1671 695 1730 758 2.
1807 693 2095 780 Alpona,
2152 689 2453 756 Vindona
2506 689 2703 757 Orell.
2750 693 2892 756 321.
2926 695 3110 760 2019.

215 793 552 859 Vindonius
597 791 798 861 Stein.
827 795 974 860 200.
1037 791 1438 858 Drausonins
1481 793 1665 860 Grut.
1709 797 1852 875 919,
1884 793 1943 860 8.
2030 791 2215 860 UN-t
2271 783 2517 854 Ἰτούνα
2570 791 2872 876 (aestuat.
2917 794 3110 876 Brit.;

213 885 512 969 cf.''lwo‹;
555 897 864 973 ποταμοῦ
907 889 1198 976 ἔκβασις,
1243 904 1307 960 et
1347 917 1517 960 nom.
1563 895 1686 960 viri
1729 895 1955 977 Italus,
1999 918 2061 983 p.
2097 893 2253 978 766)
2294 892 2461 961 Ptol.

354 997 578 1066 Insere
621 995 728 1064 hic
755 996 1086 1064 formulam
1131 996 1406 1085 duplicis
1437 1018 1760 1064 consonae
1803 995 2153 1063 derivantis
2182 994 2395 1076 M-N-,
2438 993 2621 1060 cuius
2666 999 2959 1086 exempla
3000 1023 3111 1086 ge-

209 1121 408 1164 nerum
465 1111 616 1166 sunt
655 1099 940 1165 duorum.
1037 1099 1118 1166 In
1167 1099 1544 1186 quibusdam
1597 1097 1766 1164 enim
1807 1098 2053 1164 vocalis
2106 1095 2425 1183 principio
2482 1096 2887 1166 intercedens
2942 1103 3110 1170 inter

211 1213 516 1288 utramque
569 1200 873 1286 liquidam
919 1209 1210 1289 correpta
1253 1201 1593 1268 statuenda
1633 1209 1762 1282 est,
1821 1199 1983 1266 elisa
2023 1199 2371 1274 accedente
2412 1198 2719 1264 flexione:
2782 1191 3108 1279 'Jodmmv

209 1301 486 1386 (Hibern.
531 1302 881 1389 promunt.)
923 1302 1090 1369 Ptol.
1132 1300 1462 1370 Garumna
1505 1300 1754 1383 Caes.,¹⁸
1809 1301 2042 1387 quibus
2096 1299 2364 1365 forsitan
2406 1298 2692 1366 conferre
2746 1297 2939 1369 liceat
2980 1305 3109 1372 alia

208 1405 488 1488 quaedam
536 1405 800 1472 nomina
842 1414 1110 1485 vetusta,
1157 1413 1227 1469 ut
1269 1402 1653 1470 Vertumnus
1699 1401 1810 1488 (cf.
1854 1401 2149 1468 Vertisco
2194 1399 2383 1468 Caes.
2400 1399 2479 1484 Ρ),
2525 1399 2902 1470 Tolumnius
2944 1405 3103 1472 Pro-

210 1517 344 1587 pert.
382 1508 441 1587 4,
477 1507 536 1572 2.
573 1508 671 1574 10.
758 1505 938 1588 Alia,
1000 1505 1260 1572 eandem
1303 1506 1594 1572 vocalem
1635 1505 1706 1570 in
1746 1504 2016 1572 formula
2054 1502 2315 1570 -MAN-
2356 1509 2723 1568 constanter
2765 1510 3107 1593 servantia,

207 1617 450 1689 possunt
492 1608 696 1674 videri
739 1608 952 1695 potius
997 1607 1353 1693 composita
1394 1629 1582 1692 quam
1625 1628 1776 1672 vere
1821 1606 2140 1686 derivata,
2202 1613 2274 1668 ut
2315 1601 2665 1671 Cenomani
2710 1603 2885 1690 (Ital.
2932 1611 3105 1697 sup.)

207 1705 322 1771 Liv.
377 1707 642 1776 Aulerci
697 1709 1050 1778 Cenomani
1101 1709 1304 1794 (Gall.
1348 1731 1530 1797 pop.3
1603 1707 1814 1774 differt
1866 1707 2247 1792 Cenimagni
2302 1727 2404 1792 ap.
2459 1703 2648 1774 Caes.
2705 1707 2865 1774 Brit.
2923 1714 3104 1800 pop.)

214 1807 378 1875 Caes.
441 1809 828 1879 Viromanus
870 1811 1120 1878 Istabili
1162 1812 1249 1877 fil.
1295 1811 1496 1878 Inscr.
1541 1808 1776 1875 Murat.
1811 1810 1993 1889 1766,
2030 1812 2085 1873 1.
2160 1807 2551 1876 Ariomanus
2593 1807 2765 1874 Iliati
2806 1811 2898 1879 fil.
2944 1812 3104 1898 (Bo-

211 1911 322 1994 ius)
363 1911 544 1978 Grut.
591 1914 736 1994 670,
769 1915 827 1979 3.
899 1911 1263 1980 Vetomanis
1306 1913 1456 1980 Itin.
1501 1912 1718 1992 Peut.,
1763 1910 2141 1999 praesertim
2184 1931 2327 1975 cum
2368 1911 2707 1976 antecedat
2745 1933 2813 1976 -o
2859 1916 3102 1982 vocalis

212 2013 289 2096 (p.
318 2013 484 2097 763).
581 2013 958 2081 Derivatu‘m
1012 2037 1162 2081 vero
1215 2015 1404 2082 nobis
1461 2015 1712 2101 quidem
1765 2013 2021 2080 videtur
2058 2033 2289 2078 nomen
2342 2013 2511 2098 apud
2552 2011 2781 2079 Gallos
2835 2015 3104 2101 primum

215 2113 472 2179 auditum
527 2137 604 2182 ac
645 2117 755 2182 vix
811 2139 942 2182 non
985 2126 1186 2184 ortum
1231 2113 1620 2182 Germani*
1701 2113 1961 2202 Duplex
2002 2113 2312 2179 derivatio
2365 2111 2583 2180 VAN-
2625 2137 2772 2181 cum
2812 2118 3021 2183 vocali
3064 2143 3107 2184 a

211 2217 602 2299 praecedente
647 2239 899 2304 semper
937 2217 1326 2284 contrahitur
1365 2217 1434 2282 in
1463 2241 1640 2300 aum,
1685 2218 1764 2283 de
1809 2239 1937 2303 qua
1978 2215 2104 2282 vid.
2140 2214 2325 2282 infra.

347 2317 408 2401 c)
463 2317 626 2385 Cum
673 2319 1006 2387 vocalibus
1048 2318 1376 2406 productis
1419 2319 1524 2384 vel
1567 2317 1997 2406 diphthongis.
2086 2303 2244 2384 AN-
2282 2318 2556 2385 fortasse
2597 2321 2667 2385 in
2710 2321 3103 2388 derivatione

209 2419 379 2484 mixta
416 2419 610 2484 IAN-
653 2422 978 2487 nominum
1035 2420 1340 2487 Ambiani
1384 2420 1574 2489 Caes.
1642 2419 2017 2507 Magianus,
2064 2417 2420 2488 Cassianus
2465 2419 2667 2488 Inscr.
2714 2421 2912 2488 Orell.
2954 2427 3099 2489 457.

207 2521 359 2601 1986,
402 2521 662 2622 saepius
691 2533 840 2609 post
867 2524 1058 2590 alias:
1110 2519 1512 2604 Volusianus,
1558 2521 2021 2604 Trebellianus,
2066 2519 2513 2588 Matronianus
2557 2546 2661 2608 ap.
2694 2524 2914 2611 script.
2948 2526 3097 2592 hist.

207 2632 428 2706 august.
527 2623 710 2691 EN-:
768 2625 1002 2692 Ruteni
1056 2624 1298 2691 Lucan.
1346 2623 1566 2692 Sidon.
1625 2625 1776 2709 (sed
1829 2623 1909 2690 ef.
1954 2647 2017 2711 p.
2064 2623 2239 2708 772).
2340 2606 2495 2691 ΪΝ-ε
2562 2623 2829 2692 Ticinus
2886 2625 3099 2712 (fluv.)

201 2721 298 2788 Sil.
339 2723 481 2789 Ital.
527 2724 749 2793 Sidon.
795 2737 860 2794 et
899 2726 1122 2794 ERN-2
1167 2717 1494 2789 Αὖτεινοί
1535 2725 1715 2812 (pop.
1747 2724 2052 2810 Hibern.)
2093 2724 2257 2790 Ptol.
2322 2725 2705 2792 Londinium
2716 2727 2860 2830 Ι’,((ιῖ.
2891 2751 2953 2814 p.
2986 2731 3099 2810 99)

197 2823 326 2890 Tac.
421 2814 608 2896 ON-:
680 2828 1024 2895 Drahonus
1068 2828 1280 2913 (fluv.)
1335 2828 1584 2894 Auson.
1627 2826 1887 2894 Mosell.
1931 2828 2075 2894 365.
2162 2827 2497 2908 Δαβραίνα
2550 2828 2749 2912 (flum.
2796 2827 3099 2914 Hibern.)

199 2924 338 2992 Ptol.
407 2930 684 3010 Verona,
729 2929 1076 3010 Cremona,
1120 2929 1415 2996 Bononia
1460 2929 1632 3015 apud
1675 2937 1899 3016 poetas
1942 2927 2037 3015 (p.
2082 2928 2227 3013 22),
2288 2924 2590 2989 Βονωνία
2636 2927 2883 3016 (oppid.
2930 2929 3099 2996 Pan-

195 3028 422 3113 noniae,
468 3031 744 3110 Galliae,
788 3025 1010 3098 ltaliae'
1050 3028 1351 3117 gallicae)
1393 3029 1561 3096 Ptol.
1603 3029 1772 3112 Zea„
1818 3030 2197 3116 quibuscum
2238 3029 2407 3094 hand
2451 3029 2587 3096 scio
2632 3053 2715 3095 an
2757 3031 3099 3098 concordet

197 3127 466 3196 ὀουκωνέ
495 3133 782 3216 (ebulum
810 3131 1009 3199 herba
1037 3131 1278 3216 Gallis)
1315 3154 1416 3217 ap.
1445 3131 1742 3197 Dioscor.
1773 3135 1834 3212 4,
1874 3132 2012 3197 172.
2098 3128 2459 3212 Quaeritur,
2505 3154 2586 3197 an
2632 3130 2719 3197 sit
2760 3133 3097 3200 statuenda

197 3231 336 3298 haec
390 3234 609 3300 eadem
667 3233 972 3300 derivatio
1017 3233 1216 3330 mixta
1257 3219 1482 3302 ONIA
1523 3235 1592 3298 in
1625 3234 1991 3300 nominibus
2022 3253 2463 3320 personarum:
2509 3230 2815 3300 Boionius
2842 3233 3093 3320 (praen.

191 3335 486 3400 Antonini
535 3335 642 3400 Pii
683 3335 1196 3418 Nemausensis),
1241 3335 1517 3401 Boionia
1561 3335 1883 3420 (eiusdem
1925 3335 2101 3420 avia)
2146 3335 2486 3424 Capitolin.
2532 3336 2772 3401 Anton.
2818 3335 2891 3400 P.
2939 3357 2995 3401 c.
3034 3340 3090 3402 1.
3200 3325 3207 3333 ⁸

197 3432 526 3519 Raconins,
566 3436 932 3504 Racconins
973 3435 1176 3503 Inscr.
1223 3435 1333 3504 Or.
1378 3435 1563 3502 2043.
1610 3435 1792 3504 Grut.
1837 3437 1980 3517 851,
2018 3438 2075 3502 7.
2144 3434 2470 3504 Voconius
2516 3433 2716 3502 Stein.
2748 3437 2893 3503 248.
2964 3436 3092 3504 Ce-

193 3535 430 3618 sonins,
477 3535 822 3606 Cissonius
865 3537 1088 3623 (deus)
1133 3536 1332 3604 Orell.
1381 3541 1560 3604 1406.
1609 3539 1790 3605 1979.
1861 3537 2271 3604 Tammonins
2316 3537 2513 3605 Orell.
2546 3539 2731 3605 2013.
2803 3537 3091 3606 Sumelo-

309 3725 333 3752 ⁶
378 3722 454 3778 Cf.
501 3719 856 3794 ‘gromnarum
891 3723 1264 3794 opportunitas*
1316 3725 1440 3780 Vita
1473 3724 1528 3780 S.
1560 3723 1760 3778 Bertini
1807 3725 1925 3778 abb.
1962 3725 2093 3794 belg.
2106 3763 2121 3788 ,
2165 3724 2293 3780 Boll.
2330 3725 2472 3795 Sept.
2509 3731 2559 3789 2,
2584 3728 2685 3778 602
2698 3762 2715 3789 ,
2761 3724 2853 3786 ubi
2888 3726 3095 3780 additur

184 3793 321 3843 nota:
373 3789 653 3876 ‘prora-nae,
678 3808 934 3876 prfmnae,
981 3793 1090 3847 loca
1125 3793 1376 3863 palustria
1409 3797 1464 3848 et
1497 3790 1742 3848 herbosa'.
1822 3795 1909 3848 An
1942 3809 2061 3848 cum
2094 3794 2181 3848 lat.
2214 3807 2427 3863 promen
2460 3793 2822 3850 conferendum
2858 3795 2938 3848 vel
2974 3811 3091 3849 cnm

183 3873 352 4008 ferma
399 3861 876 4012 Ἶοοιίιξῗῃοὲᾶπιὲἐῖα
909 3931 1048 3986 sicut
1077 3931 1134 4012 in
1169 3931 1386 4013 retu-stis
1419 3930 1720 4012 nominibus
1757 3931 1983 3986 virorum
2016 3931 2287 4012 cambricis
2321 3935 2376 4014 et
2408 3931 2699 4014 aremoricis
2732 3931 3089 4014 desinentibus

183 4013 248 4118 m²
261 4013 374 4050 man
403 4000 822 4122 itembprmcipio
855 3999 1012 4120 iniisse
1049 3999 1343 4120 videtfuropii
1375 4014 1581 4121 lgifimfie
1617 3997 2003 4122 Gelrmanorum.
2062 3999 2229 4054 Huius
2256 4014 2535 4122 novissseugia
2568 4003 2926 4121 mteflpretatio
2956 4001 3093 4123 facte

177 4070 500 4202 §lamii
525 4071 1112 4207 ,gtfffflssffiz
1139 4083 1189 4218 ἓ.
1202 4110 1293 4200 1⁶,
1329 4083 1466 4206 3111.
1484 4069 2393 4218 ,ἐξζᾉῖξὲἒὲῗῖὸτὲἝῬῑοε
2430 4073 2951 4207 ..afflati-3⁰3?
2966 4071 3091 4204 2¹3&

183 4219 228 4254 re
289 4209 370 4259 ten
405 4223 496 4260 nm
533 4207 605 4260 sit
638 4221 670 4258 a
694 4205 918 4258 themate
941 4221 1118 4258 -mann
1152 4205 1308 4270 (mira
1330 4222 1379 4274 p.
1409 4209 1546 4272 776),
1581 4206 1702 4259 inde
1737 4207 1955 4260 derivari
1989 4221 2096 4261 non
2116 4209 2321 4275 poterat
2356 4207 2457 4260 nisi
2476 4221 2863 4276 yemanmnos.
2924 4207 3091 4272 Quare

265 4275 486 4328 radicem
534 4279 672 4328 certe
705 4273 1060 4328 revertendum
1097 4277 1210 4326 erat
1243 4273 1348 4326 hib.
1385 4277 1486 4330 vet.
1517 4289 1621 4343 yar
1655 4275 1730 4340 (in
1765 4273 2051 4344 noyer-thid,
2096 4277 2387 4338 vocativus,
2435 4275 2519 4344 Sg.
2534 4311 2547 4338 ,
2597 4279 2753 4345 atque
2790 4274 2846 4328 in
2884 4274 3086 4345 doyan'r,

170 4339 397 4410 subpar,
419 4343 660 4414 for-quir,
683 4341 1048 4412 forchmuqat'r,
1069 4342 1383 4412 for-conpar,
1421 4359 1472 4412 p.
1497 4347 1626 4407 4303
1663 4343 1726 4397 cf.
1761 4344 1955 4399 cambr.
1978 4345 2107 4414 ρὰ,
2138 4345 2278 4426 φαεν,
2314 4359 2455 4397 corn.
2474 4359 2583 4413 per,
2619 4359 2735 4409 vox,
2770 4344 2999 4408 verbnm,
3034 4360 3089 4413 p.

183 4413 252 4488 ⁸.5·
320 4410 512 4466 Contra
561 4413 608 4466 si
642 4412 1060 4480 compositionem
1095 4415 1322 4476 statuas,
1371 4413 1638 4484 quaeritur
1685 4429 1754 4466 an
1787 4413 2072 4481 simplicior
2116 4415 2185 4466 sit
2218 4412 2573 4494 interpretatio
2616 4412 2741 4466 haec
2756 4451 2771 4478 ,
2818 4429 2923 4482 qua
2957 4413 3089 4466 nihil

181 4477 525 4546 significaverit
559 4495 748 4534 nomen
782 4481 884 4533 nisi
921 4480 1196 4535 vicinos.
1267 4479 1362 4533 Est
1395 4481 1529 4534 enim
1565 4495 1668 4535 non
1705 4481 1871 4534 solum
1910 4481 2100 4534 cambr.
2120 4496 2213 4550 per
2246 4481 2483 4546 (vicinus,
2516 4496 2604 4551 pp.
2631 4484 2749 4534 691.
2773 4485 2900 4544 694ς
2935 4498 2964 4534 e
3003 4497 3089 4533 cer

182 4559 286 4600 cum
320 4564 348 4600 c
379 4565 476 4617 pro
501 4567 556 4618 9,
593 4565 641 4618 p.
681 4552 745 4602 38
759 4551 822 4612 ἲ),
857 4549 948 4602 sed
975 4549 1128 4601 etiam
1167 4549 1270 4602 hib.
1297 4553 1397 4604 vet.
1419 4550 1541 4620 pair
1575 4550 1660 4614 (de
1682 4551 1850 4620 spatio
1885 4555 1939 4603 et
1960 4552 2233 4618 tempore):
2271 4548 2357 4602 eid
2391 4547 2510 4603 cion
2534 4549 2621 4603 eid
2636 4550 2761 4619 pair
2782 4549 2871 4618 (gl.
2892 4554 3089 4630 quanto

183 4618 388 4685 tempore
421 4619 570 4682 vivit,
607 4619 783 4680 homo;
819 4618 852 4671 i.
878 4633 924 4672 e.
958 4618 1066 4670 sive
1101 4618 1309 4686 longum
1343 4623 1424 4672 est
1458 4620 1564 4672 sive
1587 4618 1758 4679 breve)
1777 4619 1901 4676 wb.
1925 4622 1990 4672 3⁰.
2026 4618 2153 4688 gael.
2179 4635 2249 4670 an
2304 4633 2370 4671 ar
2393 4619 2577 4683 (iuxta,
2610 4621 2808 4688 prope),
2876 4633 2963 4670 mr
2994 4619 3087 4682 (vi-

183 4683 336 4750 cinia).
407 4687 584 4756 Atque
618 4687 661 4739 si
697 4701 815 4738 cnm
851 4685 948 4738 adi.
975 4683 1096 4738 cion
1126 4689 1387 4751 (remotus,
1423 4703 1473 4756 p.
1505 4692 1586 4752 1⁷)
1622 4688 1752 4741 bene
1778 4687 2002 4758 quadrat
2034 4703 2219 4740 nomen
2284 4688 2525 4741 enomani
2556 4687 2789 4753 (extremi
2872 4687 3085 4741 allorum

178 4753 284 4806 eisal
323 4755 336 4767 '
375 4769 524 4808 orum
561 4755 628 4808 ad
661 4755 910 4808 orientem
944 4769 1148 4818 versus,
1186 4771 1214 4808 ο
1250 4756 1327 4808 vel
1363 4757 1386 4808 e·
1417 4759 1620 4810 servata
1651 4757 1718 4810 ob
1741 4758 1967 4810 vocalem
2003 4756 2391 4810 antecedentem
2424 4756 2765 4825 productam),
2800 4771 2907 4812 non
2939 4755 3089 4810 aliter

177 4836 210 4940 ἓ
351 4823 429 4876 bit
462 4839 656 4878 nomen
689 4823 930 4878 Germani
976 4823 1146 4889 (modo
1181 4839 1358 4878 sumas
1401 4827 1576 4878 elisam
1613 4825 1839 4880 vocalem
1893 4826 1957 4880 ob
1994 4825 2218 4880 vocalem
2254 4829 2540 4894 correptam
2576 4824 2981 4888 antecedentem,
3022 4824 3087 4878 cf.

211 4892 468 4958 ugdunum
541 4907 600 4945 ro
633 4891 1002 4962 Lugodunum)
1032 4907 1150 4945 cum
1181 4907 1288 4963 per,
1319 4893 1442 4962 pair
1475 4895 1761 4948 contrariae
1795 4891 2203 4962 significationis.
2275 4891 2381 4946 Nec
2417 4892 2623 4948 difficile
2658 4893 2757 4947 erit
2790 4893 3084 4962 intellegere

179 4957 256 5011 hoc
291 4961 442 5014 modo
477 4961 594 5014 ilos
629 4960 864 5016 Caesaris
897 4961 1061 5014 locos:
1099 4959 1405 5024 Condrusoa
1443 4962 1726 5028 Eburones,
1762 4961 2057 5028 Caeroesos‚
2094 4964 2393 5026 Paemanos‚
2428 4963 2519 5032 qni
2552 4977 2659 5016 uno
2690 4963 2899 5016 nomine
2932 4961 3050 5016 Ger
3064 4989 3085 5001 -

177 5030 322 5082 mani
356 5029 714 5098 appellantur,
749 5029 810 5082 B.
845 5027 975 5084 Gall.
1007 5035 1056 5094 2,
1082 5034 1130 5081 4.
1183 5029 1337 5100 Segni
1373 5030 1729 5104 Condrusique
1759 5046 1826 5086 ex
1857 5035 2011 5102 gente
2044 5035 2099 5086 et
2132 5045 2343 5086 numero
2379 5028 2879 5096 Germanorum,
2925 5035 2975 5096 6,
3002 5034 3084 5086 32.

175 5092 338 5166 Populi
378 5099 683 5182 complures,
719 5097 810 5150 sed
845 5113 948 5152 non
985 5097 1260 5156 admodum
1295 5100 1592 5174 frequentes
1628 5101 1692 5156 ad
1733 5101 2063 5157 Arduennam
2100 5116 2211 5156 sese
2245 5101 2505 5158 communi
2539 5101 2787 5156 vocabulo
2832 5100 3087 5154 vocabant

175 5161 440 5223 Germanos
471 5183 510 5230 ι.
532 5183 582 5223 e.
605 5167 821 5228 vicinos.
