3717 5642
598 408 722 473 690
786 408 925 470 (653·
950 408 1073 469 654)
1346 405 1463 472 IV.
1508 408 1567 471 2.
1630 424 2204 475 rmarosmonns
2247 427 2728 477 narrumcm.

593 593 817 658 ticulo:
885 605 1095 657 enti-en
1126 592 1414 678 preladet
1452 604 1627 659 sanct
1666 615 1779 658 voa
1818 594 2042 659 heman
2093 594 2289 678 (inter
2331 595 2648 679 praelatos
2692 605 2954 663 sanctus
2999 606 3136 663 erat
3175 593 3317 679 hic)
3377 596 3520 673 208,

601 698 697 759 19.
757 694 932 757 lactet
972 706 1137 757 etv-en
1182 694 1346 781 hedis
1388 692 1757 777 (infamatus
1798 696 1968 761 inter
2006 696 2398 763 habitatores
2427 698 2680 783 mundi)
2730 700 2866 779 160,
2898 700 2994 762 11.

767 794 925 862 Cum
987 796 1465 882 pronominibus
1522 795 1801 863 suffixis:
1875 821 1952 861 vn
2006 798 2176 864 arall
2223 800 2542 885 choasomp
2603 812 2876 885 eutromp
2929 799 3154 884 (alium
3211 798 3526 885 eligamus

599 898 764 963 inter
804 897 954 982 nos)
998 896 1160 961 Buh.
1198 898 1336 978 182,
1366 899 1463 962 16.
1524 898 1774 963 brenmn
1801 898 2148 985 joeueeomp
2189 912 2463 986 eutromp
2496 902 2648 989 ylan
2692 903 2892 988 (nunc
2933 901 3324 969 delectemur
3361 902 3530 967 inter

595 1026 715 1068 nos
760 1000 953 1085 bene)
1018 1000 1154 1080 188,
1203 1000 1302 1063 20.
1372 1001 1617 1063 eutroch
1658 1001 1859 1085 peuch
1910 1012 2043 1065 mat
2093 1022 2160 1067 eo
2213 1026 2254 1067 a
2302 1004 2545 1088 yrataff
2592 1004 2788 1088 (inter
2840 1026 2959 1070 vos
3013 1024 3240 1090 pacem
3292 1004 3528 1068 bonam

596 1103 775 1189 opto)
808 1103 953 1183 202,
989 1103 1085 1166 12.
1144 1100 1367 1165 ‘mallos
1412 1102 1523 1165 doe
1564 1124 1711 1186 μυστ
1740 1114 1974 1165 ento-eze
2017 1103 2409 1187 (maledictio
2442 1105 2542 1170 dei
2575 1107 2766 1171 etiam
2795 1106 2962 1171 inter
2991 1128 3122 1187 eos,
3166 1104 3528 1187 nummosl)

594 1204 720 1269 MJ.
753 1204 833 1268 86
848 1228 902 1269 a.
994 1203 1165 1268 Hod.
1212 1214 1509 1287 ecre-comp
1554 1212 1675 1269 etc.

763 1304 954 1372 Corn.
988 1302 1255 1371 AWOS
1302 1304 1531 1389 (semel
1575 1304 1795 1389 (νωθὴς
1842 1329 2005 1370 awos
2047 1331 2132 1371 an
2173 1320 2268 1372 tas
2307 1310 2419 1373 dev
2463 1332 2547 1372 cm
2575 1308 2692 1391 nes
2724 1308 3016 1395 (propter
3055 1316 3300 1393 patrem
3333 1308 3528 1373 deum

600 1407 967 1490 caelestem)
1014 1405 1093 1472 Ο.
1138 1407 1281 1471 480.
1350 1429 1512 1471 awos
1554 1408 1663 1470 dev
1709 1405 1855 1493 (per
1899 1406 2116 1494 deum)
2164 1406 2242 1475 Ο.
2277 1411 2462 1477 2564.
2535 1431 2694 1475 awos
2737 1432 2852 1475 orm
2895 1409 3071 1474 bones
3113 1408 3324 1493 halys,
3367 1432 3528 1473 awee

597 1514 743 1575 dout
788 1509 959 1573 bones
1006 1508 1189 1591 lethys
1233 1508 1524 1594 (propter
1564 1509 1851 1575 timorem
1893 1534 1976 1576 ne
2009 1511 2351 1594 occidatur,
2397 1534 2480 1577 ne
2512 1512 2798 1596 occidar)
2829 1511 2914 1577 D.
2944 1511 3089 1576 886.
3120 1512 3310 1579 2806.
3367 1534 3534 1576 awos

598 1636 681 1675 an
726 1611 863 1695 heys
906 1609 1197 1696 (propter
1238 1608 1569 1693 mundum)
1624 1610 1702 1675 R.
1737 1613 1921 1677 2471.
2021 1611 2339 1679 Paulatim
2391 1622 2633 1679 mutata
2685 1612 3182 1699 significatione:
3253 1634 3424 1677 awos
3473 1612 3535 1677 ol

596 1738 683 1778 ow
724 1712 917 1798 qallos
976 1710 1117 1796 byth.
1156 1733 1239 1796 ny
1284 1712 1452 1795 allas
1498 1712 1644 1798 (per
1694 1734 1944 1779 omnem
1995 1738 2199 1780 meam
2241 1716 2589 1802 potentiam
2639 1736 3040 1801 nequaquam
3079 1714 3385 1801 possum)
3445 1713 3530 1781 D.

600 1818 695 1881 53.
773 1836 867 1877 me
910 1838 993 1877 an
1032 1812 1227 1897 yuyth
1266 1834 1376 1874 eur
1429 1813 1568 1875 deth
1622 1814 1703 1877 ha
1746 1836 1855 1877 nos
1897 1838 2057 1881 awos
2103 1838 2148 1903 y
2192 1818 2492 1903 dysciplys
2546 1816 2932 1902 (custodiam
2987 1838 3126 1882 eum
3185 1826 3362 1882 certo
3429 1816 3534 1881 die

589 1926 903 2001 nocteque
960 1913 1179 1978 invitis
1235 1912 1372 1978 eius
1429 1913 1794 2002 discipulis)
1839 1915 1916 1981 R.
1957 1916 2099 1983 391.
2177 1928 2241 2001 ty
2294 1943 2337 1982 a
2376 1940 2576 1983 verow
2630 1941 2740 1983 sur
2790 1918 2983 1983 cowal
3033 1940 3194 1983 awos
3247 1919 3348 1983 the
3393 1919 3530 1983 theu

590 2040 717 2103 παρ]
760 2028 956 2100 vestry
1000 2014 1323 2099 (moriaris
1369 2024 1542 2081 certo
1587 2016 1998 2084 nihilominus
2045 2018 2232 2083 etiam
2276 2020 2480 2087 invito
2523 2020 2644 2086 deo
2685 2032 2795 2085 tuo
2853 2029 2971 2085 aut
3016 2018 3156 2086 eius
3199 2020 3532 2106 potentia)

593 2119 671 2187 O.
704 2119 889 2183 2738.
965 2115 1131 2182 Cum
1156 2116 1499 2183 infinitivo:
1547 2118 1811 2183 kentrow
1853 2136 2020 2205 Jewy
2063 2120 2198 2205 why
2223 2142 2308 2205 ny
2333 2122 2470 2207 syll
2510 2144 2672 2187 awos
2714 2121 2816 2185 bos
2845 2120 2995 2204 claff
3025 2144 3070 2205 y
3098 2121 3282 2204 3ewle
3324 2120 3534 2204 (clavi

594 2221 775 2287 vobis
816 2241 946 2283 non
992 2220 1259 2284 deerunt
1301 2220 1453 2305 quia
1494 2229 1645 2285 sunt
1686 2244 1916 2307 aegrae
1963 2223 2099 2287 eius
2145 2222 2399 2306 manus)
2441 2222 2516 2287 P.
2554 2225 2692 2304 158,
2724 2223 2782 2287 2.
2865 2242 3026 2287 awos
3077 2223 3390 2307 dampnye
3447 2246 3532 2285 an

591 2326 811 2387 denma
864 2320 965 2404 (ut
1004 2322 1371 2387 damnemus
1413 2320 1585 2388 hunc
1624 2322 1975 2408 hominem)
2019 2325 2121 2405 94,
2161 2326 2221 2388 4.
2287 2346 2450 2389 awos
2485 2325 2731 2411 qutkyll
2766 2324 2985 2409 wheyll
3031 2347 3175 2389 mar
3215 2323 3379 2407 seqff
3433 2322 3539 2405 (ut

588 2425 786 2489 facias
830 2446 992 2509 opus
1034 2434 1167 2487 tam
1208 2422 1381 2507 leve)
1432 2426 1570 2505 155,
1596 2425 1654 2489 3.

754 2527 970 2591 Arem.
1016 2522 1294 2591 EGUIT
1352 2525 1559 2609 (πῶς
1630 2528 1793 2611 equit
1844 2550 1930 2591 an
1965 2528 2078 2608 fez
2131 2528 2204 2591 lie
2245 2527 2539 2591 muezlaeat
2565 2576 2580 2591 .
2606 2575 2621 2592 .
2649 2578 2662 2591 .
2707 2552 2748 2593 a
2787 2528 2934 2615 φηγ
2977 2526 3268 2612 (propter
3309 2526 3535 2606 fidem,

587 2654 729 2695 cum
769 2630 896 2694 fide
939 2628 1263 2693 renovabo
1309 2650 1475 2708 eam,
1531 2627 1758 2711 vitam)
1802 2627 1967 2693 Buh.
2013 2630 2108 2711 14,
2154 2630 2212 2693 2.
2285 2632 2411 2692 mir
2461 2652 2548 2692 na
2586 2652 2753 2714 yruy
2811 2631 2896 2693 da
2935 2629 3300 2693 dammi-ion
3357 2632 3536 2713 equit

585 2733 812 2795 madon
858 2729 953 2792 bet
995 2729 1185 2814 (cave
1227 2751 1310 2793 ne
1338 2728 1539 2795 facias
1580 2728 2052 2795 damnationem
2093 2740 2264 2794 tuam
2294 2740 2552 2816 propter
2593 2731 2764 2797 bona
2807 2730 3053 2814 mundi)
3102 2730 3242 2811 166,
3274 2731 3336 2795 8.
3399 2735 3540 2793 enit

588 2833 753 2895 loem
798 2832 881 2894 du
922 2853 1019 2895 me
1058 2853 1122 2895 80
1152 2830 1319 2895 cruel
1361 2829 1459 2913 (in
1502 2829 1743 2896 bestias
1786 2830 2004 2916 nigras
2051 2855 2188 2897 sum
2220 2830 2528 2915 crudelis)
2559 2832 2659 2912 32,
2692 2834 2752 2897 4.
2809 2841 2988 2916 equyt
3025 2832 3162 2917 qlat
3205 2829 3536 2914 (fortuna-

587 2958 727 2999 rum
758 2932 983 3017 causa)
1012 2931 1147 2997 MJ.
1178 2935 1261 2998 94
1280 2955 1336 2997 a.
1402 2945 1583 3018 φαμι
1620 2932 1774 3018 qobr
1816 2954 1847 2995 e
1879 2934 2070 2999 drouc
2110 2935 2258 3020 (pro
2301 2934 2594 2999 mercede
2636 2932 2917 2999 malitiae
2961 2931 3148 3017 suae)
3193 2933 3350 3016 8311.
3411 2936 3538 2995 evit

586 3038 703 3098 laon
744 3037 987 3099 saczaeder
1030 3034 1314 3117 (nostrae
1360 3033 1587 3099 salutis
1629 3034 1856 3119 causa)
1901 3036 2016 3100 3b.
2075 3039 2200 3101 enit
2242 3058 2304 3099 se
2346 3026 2724 3121 (‘pr0inde')
2771 3032 2956 3100 Cath.
3045 3032 3322 3119 Saepius
3379 3054 3536 3099 cum

588 3136 935 3201 infinitivo:
982 3148 1163 3221 eyuyt
1205 3138 1357 3200 doen
1400 3158 1506 3199 ma
1544 3158 1711 3220 poan
1756 3134 1869 3218 (ad
1901 3137 2276 3223 portandum
2321 3136 2708 3223 supplicium
2733 3135 2972 3220 meum)
3002 3138 3152 3201 872.
3209 3135 3378 3220 equit
3423 3158 3538 3201 ma

586 3262 679 3301 em
721 3240 963 3301 ἄρεσκος
994 3239 1197 3321 dezaff
1234 3237 1348 3321 (ad
1377 3260 1481 3303 me
1522 3238 2001 3303 monstrandum
2032 3238 2124 3322 ei)
2156 3237 2318 3302 Buh.
2356 3240 2494 3318 194,
2535 3241 2628 3303 15.
2685 3242 2814 3303 enit
2850 3238 3066 3325 quelet,
3111 3238 3238 3299 enit
3275 3236 3536 3319 quaten,

586 3344 710 3405 evit
754 3342 869 3420 len,
917 3342 1043 3403 enit
1078 3359 1292 3422 pret-ec
1332 3338 1447 3422 (ad
1489 3338 1851 3421 videndum,
1899 3339 2375 3421 instituendum,
2421 3340 2784 3426 legendum,
2830 3336 3357 3425 praedicandum)
3403 3337 3502 3425 sq.

757 3440 1072 3525 Exempla
1111 3439 1609 3525 praepositionis
1672 3462 1813 3505 cum
1858 3441 2342 3525 pronominibus
2387 3440 2668 3507 suffixis:
2725 3440 3069 3526 eyuytdous
3099 3440 3216 3523 hep
3255 3460 3328 3523 sy
3365 3462 3535 3525 qra-

585 3546 712 3607 cius
758 3544 943 3626 (erga
969 3564 1070 3606 me
1115 3542 1254 3607 sine
1284 3541 1477 3607 dubio
1508 3541 1855 3627 gratiosus)
1888 3541 2024 3609 MJ.
2063 3545 2183 3608 140
2197 3545 2256 3609 b.
2315 3555 2491 3609 sanct
2532 3543 2683 3628 devy
2709 3541 2919 3627 suppli
2955 3540 3226 3626 equidoff
3261 3542 3532 3622 (sancte

584 3645 924 3729 Davidagi‚
971 3664 1081 3707 ora
1124 3666 1236 3729 pro
1266 3642 1396 3727 me)
1439 3643 1602 3708 Buh.
1638 3646 1776 3725 198,
1818 3645 1912 3709 13.
1978 3645 2220 3729 equidot
2261 3644 2412 3707 Jeeu
2453 3665 2592 3709 men
2631 3643 2843 3729 suppli
2879 3642 3022 3726 (tua
3061 3662 3258 3707 causa
3297 3640 3532 3707 Iesum

584 3747 885 3833 imploro)
932 3746 1069 3826 194,
1103 3746 1204 3807 21.
1264 3743 1403 3808 bont
1444 3746 1615 3810 collet
1654 3747 1917 3832 eyuytlzy
1970 3745 2210 3832 (perire
2257 3757 2519 3832 propter
2557 3767 2726 3827 eam,
2770 3744 3131 3828 materiam)
3173 3742 3312 3808 MJ.
3359 3744 3529 3809 941).

582 3850 691 3913 ho:
736 3848 848 3913 boa
872 3848 1152 3933 yolennet
1189 3858 1433 3931 equetou
1477 3848 1949 3935 (poposceratis
1991 3847 2070 3912 de
2095 3848 2198 3929 iis,
2243 3848 2444 3930 feris),
2489 3872 2576 3913 na
2600 3848 2873 3934 qalsesde
2913 3858 3056 3929 quet
3083 3856 3336 3932 equetou
3377 3868 3530 3911 ear-

582 3974 724 4015 mon
768 3950 869 4033 (ut
907 3972 1037 4013 non
1078 3970 1309 4034 posses
1352 3956 1423 4013 tu
1464 3960 1804 4035 propterea
1844 3950 2292 4034 sermocinari)
2335 3950 2499 4015 Buh.
2533 3950 2634 4030 34,
2667 3950 2726 4017 2.
2771 3950 2872 4029 74,
2906 3950 2966 4013 2.

753 4050 1141 4119 Cornicae
1182 4049 1441 4136 propria
1468 4072 1682 4138 praep.
1716 4050 2110 4132 TROGHA‚
2157 4050 2470 4117 TROHA
2499 4052 2788 4136 (versus3
2833 4074 2916 4115 an
2945 4049 3300 4137 composita
3331 4072 3370 4115 e
3397 4074 3526 4117 no-

586 4157 752 4221 mine
798 4166 891 4217 tro
935 4162 999 4217 et
1028 4152 1191 4217 coni.
1224 4152 1406 4236 han:
1442 4152 1660 4238 systyn
1704 4154 1920 4238 troqha
1960 4154 2259 4238 parathys
2301 4150 2569 4235 (festina
2608 4153 2691 4217 ad
2719 4152 3084 4239 paradisum
3125 4150 3385 4235 versus)
3435 4151 3524 4217 Ο.

585 4261 725 4323 332.
780 4258 971 4321 adam
1012 4256 1081 4319 ke
1118 4278 1204 4341 yn
1232 4277 1356 4317 mes
1398 4278 1482 4318 an
1524 4255 1674 4318 wlae
1716 4254 1895 4318 trolm
1921 4254 2032 4319 ken
2057 4276 2194 4339 pow
2237 4253 2374 4337 (A.,
2421 4255 2524 4320 exi
2569 4276 2606 4319 e
2633 4254 2898 4340 regione
2941 4253 3024 4319 ad
3054 4251 3246 4318 alium
3275 4274 3524 4338 pagum

583 4361 837 4443 versus)
896 4357 975 4424 Ο.
1018 4360 1160 4423 344.
1263 4355 1417 4419 Cum
1464 4355 1764 4422 articulo:
1818 4356 2210 4441 fijstynyuyk
2255 4358 2476 4421 crolum
2521 4357 2716 4420 daras
2764 4354 3092 4438 (festinate
3136 4353 3219 4419 ad
3259 4365 3524 4440 portam

585 4460 838 4543 versus)
885 4458 964 4525 Ο.
998 4460 1141 4523 349.
1218 4468 1349 4542 stop
1402 4481 1487 4521 cm
1526 4458 1753 4521 wetlten
1796 4458 2060 4543 troyhan
2103 4458 2219 4521 dor
2273 4454 2488 4542 (flecte
2531 4457 2824 4523 arborem
2877 4457 2960 4523 ad
3003 4456 3206 4523 solum
3250 4457 3523 4541 versus)

582 4564 660 4629 O.
691 4564 833 4629 ²201.

565 4730 576 4742 ,
752 4663 1049 4749 Denique
1104 4683 1336 4727 arem.
1380 4658 1718 4743 DAVED,
1762 4658 2016 4728 DAVE
2061 4660 2236 4745 (ad):
2297 4681 2456 4744 quae
2493 4672 2648 4746 qaut
2690 4661 2996 4745 dih'qancc
3036 4660 3118 4725 Ιια
3164 4659 3362 4743 donec
3383 4658 3526 4741 sur

582 4768 733 4829 clave
774 4766 972 4829 duzas
1024 4762 1076 4845 (i
1120 4784 1259 4827 cum
1306 4762 1638 4849 diligentia
1690 4772 1757 4829 et
1798 4784 1944 4849 gres
2067 4761 2297 4827 callido
2355 4762 2437 4826 ad
2477 4761 2733 4847 Iudam)
2777 4760 2914 4828 MJ.
2947 4762 3096 4829 882.
3159 4781 3256 4825 me
3289 4782 3382 4846 ya
3407 4810 3424 4825 .
3456 4811 3470 4825 .
3503 4811 3519 4826 .

581 4870 733 4931 dave
779 4865 1038 4950 Lucifer
1082 4864 1171 4949 (v.
1201 4864 1243 4927 l.
1276 4866 1472 4946 davet,
1518 4888 1595 4931 eo
1641 4866 1721 4931 ad
1762 4864 1871 4949 L.)
2011 4864 2072 4929 b.

749 4964 911 5033 Cum
954 4989 1137 5052 pron.
1184 4965 1355 5031 suff:
1428 4968 1557 5051 day
1590 4979 1735 5051 pret
1785 4968 1872 5031 da
1933 4968 2113 5030 donet
2153 4965 2434 5030 dauedou
2488 4964 2738 5048 (veniet
2775 4974 3026 5051 tempus
3065 4964 3386 5031 redeundi
3433 4966 3520 5031 ad

583 5092 715 5150 me,
776 5092 854 5134 ex
898 5068 1095 5135 animi
1140 5066 1448 5153 deliqui03
1494 5068 1619 5154 leg.
1650 5067 1964 5151 dauedof)
2011 5065 2172 5131 Buh.
2215 5068 2318 5148 60,
2362 5069 2418 5131 7.
2473 5088 2558 5152 ny
2598 5090 2723 5153 aya
2761 5088 2936 5132 oaree
2977 5067 3271 5151 davedaff
3309 5067 3520 5152 (imus

582 5194 730 5257 ergo
772 5172 855 5237 ad
898 5172 1077 5255 eum)
1118 5168 1253 5236 MJ.
1285 5172 1366 5234 47
1380 5170 1441 5235 b.
1516 5192 1656 5235 mar
1702 5192 1775 5233 en
1821 5168 2192 5253 quemennhe
2235 5169 2516 5252 davedas
2556 5168 2645 5253 (si
2687 5169 2752 5235 id
2793 5178 3049 5255 rogaret
3091 5168 3270 5253 eum)
3317 5171 3520 5237 2248.
3660 5216 3661 5225 2
