3717 5642
476 369 846 417 APPENDIX.
920 370 1256 418 srscmsn
1303 362 1571 419 oomcls
1610 370 1967 417 nummum
2008 370 2345 419 muscum
2389 371 2488 421 so.
2563 358 2945 420 (1017-1019)
3004 358 3164 422 1013

226 541 397 628 cipit
442 538 765 626 syllaba¹⁰
816 539 885 605 in
929 539 1246 627 principio
1290 537 1591 606 dictionis
1634 538 1877 622 posita,
1923 539 2355 626 subsequente
2399 541 2607 608 vocali
2651 541 2720 607 in
2765 542 2984 609 eadem
3031 543 3164 629 syl-

222 643 403 723 laba,
450 656 518 707 ut
560 640 741 725 Iun0,
791 642 1069 728 Iupiter3
1116 665 1230 729 pro
1276 640 1515 728 duplici
1560 649 1790 723 autem,
1838 641 2094 728 quando'
2137 642 2206 706 in
2231 641 2444 709 medio
2490 644 2788 711 dictionis
2833 645 2914 710 ab
2947 668 3024 711 ea
3065 645 3164 711 in-

222 743 399 830 cipit
440 743 689 830 syllaba
740 752 890 830 post
929 745 1215 811 vocalem
1258 751 1405 808 ante
1450 764 1523 808 se
1564 743 1866 830 positam,
1889 748 1912 787 ¹
1932 746 1960 787 ²
2023 744 2452 830 subsequente
2509 768 2760 834 quoque
2801 748 3046 814 vocali¹
3096 748 3164 814 in

222 846 463 911 eadem
508 846 772 932 syllaba,
822 855 891 912 ut
933 848 1155 927 maius,
1200 846 1403 931 peius,
1451 846 1647 912 eius.²
1740 844 1819 910 In
1863 868 1988 932 quo
2032 844 2176 911 loco
2221 845 2465 933 antiqui
2509 849 2802 915 solebant
2843 850 3164 935 geminare

222 947 503 1014 eandem
550 948 573 1013 i
616 949 863 1015 literam
909 958 973 1015 et
998 948 1243 1029 maiius,
1288 947 1517 1034 peiius,
1566 944 1729 1012 eiius
1773 946 2073 1029 scribere,
2120 947 2290 1033 quod
2334 970 2462 1012 non
2495 948 2714 1015 aliter³
2763 950 3160 1036 pronuntiari

220 1058 477 1137 posset,
524 1052 743 1135 quam⁴
800 1050 856 1115 si
900 1072 1043 1116 cum
1087 1048 1415 1137 superiore
1461 1047 1743 1134 syllaba⁶
1793 1048 1967 1136 prior
2008 1048 2052 1129 i,
2099 1070 2242 1114 cum
2287 1054 2630 1135 sequente⁶
2681 1052 2879 1118 altera
2919 1052 3162 1138 profer-

220 1161 429 1233 retur,
473 1162 543 1215 ut
584 1150 812 1236 peiius',
860 1151 1043 1233 eiius,
1091 1149 1336 1217 maiius.
1424 1148 1587 1215 Nam
1621 1150 1942 1236 quamvis⁷
1995 1150 2082 1215 sit
2123 1172 2506 1233 consonans,
2553 1152 2618 1217 in
2652 1154 2872 1219 eadem
2917 1154 3165 1239 syllaba

226 1253 562 1339 geminata
604 1251 782 1339 iungi
825 1275 955 1319 non
999 1260 1229 1339 potest.
1316 1250 1491 1338 Ergo
1537 1274 1681 1335 non,
1710 1249 1896 1317 aliter
1937 1273 2126 1337 quam
2168 1252 2384 1335 tellus,
2429 1275 2698 1321 mannus
2741 1254 3008 1341 proferri
3053 1256 3162 1321 de-

226 1356 434 1420 buit.⁸
526 1354 714 1421 Unde
757 1353 1071 1441 Pompeiii
1116 1376 1387 1441 quoque,
1434 1353 1805 1441 genitivum,
1852 1374 1970 1438 per
2010 1354 2133 1419 tria
2174 1352 2247 1419 iii
2291 1354 2679 1437 scribebant,
2727 1379 2992 1443 quorum
3036 1355 3160 1423 duo

225 1457 573 1543 superiora
612 1456 757 1523 loco
802 1456 1285 1525 consonantium
1329 1453 1747 1539 accipiebant,
1797 1464 1866 1520 ut
1905 1454 1962 1521 si
2006 1453 2185 1521 dicas
2216 1452 2552 1543 Pompeiii.
2636 1456 2802 1523 Nam
2843 1458 3046 1525 tribus
3089 1458 3164 1523 iii

222 1558 476 1625 iunctis
520 1557 727 1645 qualis
772 1558 982 1645 possit
1023 1557 1272 1643 syllaba
1311 1555 1759 1643 pronuntiari?
1828 1557 1993 1623 Nam
2021 1564 2410 1644 postremum
2455 1557 2478 1624 i
2521 1581 2636 1647 pro
2665 1560 2874 1626 vocali
2918 1570 3017 1627 est
3056 1582 3161 1627 ac-

226 1660 637 1747 cipiendum,
700 1659 905 1746 quod⁹
958 1658 1225 1727 Caesari
1270 1656 1641 1725 doctissimo
1694 1658 1847 1724 artis
1892 1658 2340 1742 grammaticae
2391 1658 2774 1745 placitum¹⁰
2824 1684 2864 1727 a
2903 1660 3164 1727 Victore

226 1782 495 1847 quoque
540 1762 605 1826 in
650 1770 787 1829 arte
831 1762 1239 1849 grammatica
1279 1759 1358 1826 de
1392 1759 1691 1846 syllabis¹
1709 1764 1733 1801 ¹
1786 1760 2244 1847 comprobatur.
2318 1758 2447 1825 Pro
2479 1760 2757 1847 simplici
2801 1785 3054 1850 quoque
3097 1764 3162 1828 in

220 1863 453 1929 media
496 1863 775 1931 dictione
816 1864 1155 1939 invenitur,
1204 1863 1319 1929 sed
1361 1861 1431 1927 in
1474 1860 1869 1949 compositis,
1914 1870 1984 1927 ut
2024 1860 2272 1945 iniuria,
2293 1866 2308 1897 ¹
2327 1864 2352 1899 ²
2407 1862 2707 1950 adiungo,
2757 1864 3017 1947 eiectus,
3061 1887 3163 1931 re-

218 1969 379 2035 iice.
468 1964 777 2053 Virgilius
820 1966 885 2030 in
917 1964 1223 2031 Bucolico
1268 1963 1978 2051 proceleusmaticum²⁸
2027 1963 2244 2050 posuit
2283 1986 2398 2049 pro
2444 1963 2729 2052 dactylo:
2789 1966 3010 2053 Tityre
3051 1990 3166 2055 pa-

222 2078 498 2137 scentes
544 2093 583 2135 a
622 2068 883 2133 flumine
925 2068 1096 2134 reice
1140 2066 1519 2153 capellas.¹⁴
1611 2066 1953 2153 Nunquem
2011 2075 2222 2131 autem
2275 2075 2421 2132 ante
2466 2088 2634 2149 eam,
2690 2067 2832 2134 loco
2887 2074 3166 2155 positam

225 2172 653 2239 consonantis
672 2221 688 2252 ,
746 2168 1051 2256 aspiratio
1096 2177 1314 2256 potest
1354 2168 1657 2250 inveniri,
1715 2168 1882 2234 sicut
1934 2190 2056 2233 nec
2109 2177 2255 2234 ante
2299 2193 2340 2234 u
2393 2178 2873 2236 consonantem.
2969 2168 3162 2237 Unde

222 2274 519 2339 hiulcus¹
542 2278 567 2315 ⁵
616 2272 1023 2359 trisyllabum
1068 2280 1197 2354 est3
1252 2272 1433 2337 nulla
1476 2270 1669 2337 enim'
1692 2292 2056 2337 consonans
2112 2279 2259 2336 ante
2305 2294 2375 2336 se
2419 2270 2872 2357 aspirationem
2912 2272 3161 2360 recipit.

220 2375 285 2441 V
336 2398 489 2441 vero
519 2375 661 2440 loco
706 2374 1121 2441 consonantis
1166 2373 1376 2461 posita
1418 2372 1687 2439 eandem
1728 2393 1991 2459 prorsus
2035 2372 2104 2437 in
2134 2371 2426 2439 omnibus
2470 2374 2598 2440 vim
2641 2373 2894 2441 habuit¹
2919 2376 2944 2416 ⁶
2994 2376 3166 2462 apud

218 2477 521 2558 Latinos,
568 2499 755 2563 quam
799 2478 967 2564 apud
1012 2476 1253 2543 Aeoles
1296 2474 1627 2561 digamma.
1714 2472 1906 2540 Unde
1963 2498 2002 2539 a
2043 2474 2368 2561 plerisque
2413 2476 2474 2541 ei
2516 2499 2748 2542 nomen
2791 2476 2914 2542 hoc
2958 2475 3158 2559 datur,

226 2579 409 2665 quod
452 2578 623 2663 apud
664 2580 904 2646 Aeoles
948 2578 1171 2645 habuit
1213 2578 1363 2643 olim
1416 2576 1467 2640 F
1506 2576 1838 2662 digamma,
1860 2580 1882 2619 ¹
1903 2578 1926 2617 ⁷
1978 2577 2049 2642 id
2093 2586 2193 2644 est
2235 2601 2387 2660 vau,
2434 2579 2514 2643 ab
2559 2578 2766 2665 ipsius
2809 2600 2969 2645 voce
3014 2601 3158 2666 pro-

217 2680 499 2761 fectum,
518 2684 542 2720 ¹
562 2682 586 2721 ⁸
636 2688 800 2747 teste
842 2680 1134 2747 Varrone
1188 2688 1252 2747 et
1304 2678 1612 2765 Didymo,
1685 2677 1794 2763 qui
1846 2676 1916 2742 id
1968 2679 2032 2744 ei
2085 2702 2316 2745 nomen
2371 2701 2517 2745 esse
2571 2680 2934 2746 ostendunt.
3030 2680 3159 2747 Pro

218 2783 387 2867 quo'
411 2786 437 2823 ⁹
489 2776 731 2847 Caesar
756 2781 921 2847 hanc
950 2784 1216 2868 figuram
1247 2801 1301 2867 fl
1346 2781 1541 2848 scribi
1570 2779 1787 2863 voluit,
1835 2778 2034 2866 quod¹
2091 2780 2383 2866 quamvis
2427 2779 2523 2845 illi
2565 2790 2740 2848 recte
2781 2782 2990 2849 visum
3041 2793 3156 2865 est,

218 2900 441 2953 tamen
489 2887 881 2952 consuetudo
940 2885 1202 2970 antiqua
1244 2882 1591 2971 superavit.
1678 2881 1900 2947 Adeo²
1955 2890 2162 2948 autem
2204 2882 2326 2949 hoc
2370 2905 2592 2950 verum
2637 2891 2763 2966 est,
2832 2882 3002 2969 quod
3045 2904 3159 2969 pro

220 2989 551 3075 digamma
592 2984 837 3051 aeolico
890 2983 941 3047 F
985 2984 1241 3071 ponitur
1270 3009 1331 3067 u,
1378 2984 1547 3071 quod
1592 2983 1759 3050 sicut
1799 2984 1895 3049 illi
1941 2983 2235 3051 solebant
2262 2984 2554 3071 accipere
2586 2984 2901 3070 digamma
2927 2984 3149 3051 modo³

214 3115 345 3179 pro
378 3098 769 3156 consonante
814 3086 1109 3175 simplici,
1154 3096 1317 3153 teste
1345 3087 1660 3171 Astyage,
1706 3084 1815 3172 qui
1845 3084 2117 3152 diversis
2161 3083 2313 3151 hoc·¹
2369 3086 2650 3152 ostendit
2692 3085 2934 3169 usibus,
2979 3094 3050 3151 ut
3089 3085 3159 3151 in

216 3193 355 3258 hoc
396 3214 603 3273 versu,
661 3183 986 3269 Οἰόμειιος
1032 3184 1317 3251 Γελέναν
1361 3180 1764 3268 ἑλικώπιδα,
1828 3187 1925 3252 sic
1966 3208 2086 3252 nos
2131 3208 2384 3275 quoque
2426 3211 2541 3275 pro
2587 3196 2980 3254 consonante
3021 3188 3158 3274 ple-

214 3314 491 3378 rumque
537 3289 813 3377 simplici
854 3290 1161 3356 habemus
1204 3313 1247 3353 u
1288 3289 1434 3355 loco
1478 3288 1797 3375 digamma
1837 3288 2135 3376 positum,
2181 3298 2280 3353 ut:
2329 3289 2423 3354 At
2469 3288 2688 3355 Venus
2732 3287 2903 3354 haud
2947 3290 3157 3355 animo

215 3395 649 3481 nequicquam
695 3392 993 3458 exterrita
1033 3400 1253 3456 mater.
1326 3390 1451 3457 Est
1478 3398 1687 3457 tamen
1733 3390 1990 3477 quando
2032 3388 2228 3456 iidem
2257 3390 2499 3457 Aeoles
2542 3390 2992 3456 inveniuntur⁵
3041 3413 3159 3478 pro

217 3496 471 3581 duplici
529 3517 782 3581 quoquo
841 3502 1235 3559 consonante
1291 3491 1608 3577 digamma
1659 3492 1993 3578 posuisse,
2063 3500 2133 3557 ut
2190 3487 2501 3575 Νέστορα
2557 3488 2630 3555 δὲ
2698 3490 2830 3554 fot
2893 3484 3157 3566 παιδός.

214 3598 364 3663 Nos
421 3617 671 3682 quoque
728 3594 1015 3661 videmur
1067 3593 1191 3659 hoc
1252 3594 1436 3679 sequi
1500 3594 1568 3659 in
1624 3592 2006 3681 praeterito⁶
2075 3590 2358 3679 perfecto
2426 3600 2490 3657 et
2538 3591 3158 3680 plusquamperfecto

218 3698 459 3764 tertiae
502 3708 567 3762 et
608 3706 869 3784 quartae
913 3696 1407 3783 coniugationis,
1454 3696 1524 3760 in
1570 3696 1801 3781 quibus
1843 3694 1868 3759 i
1913 3703 2061 3759 ante
2092 3717 2134 3758 u
2177 3703 2637 3759 consonantem
2664 3694 2882 3781 posita
2921 3693 3156 3780 produ-

218 3800 413 3880 citur,
460 3797 808 3884 eademque
853 3798 1177 3864 subtracta
1220 3797 1578 3883 corripitur,
1625 3804 1694 3861 ut
1736 3794 1954 3883 cupivi
1998 3794 2189 3882 cupii,
2235 3795 2601 3881 cupiveram
2645 3795 2998 3883 cupieram,
3045 3818 3156 3861 au-

217 3900 361 3965 divi
407 3898 599 3981 audii,
646 3897 1009 3965 audiveram
1054 3899 1397 3965 audieram.
1483 3896 1906 3963 Inveniuntur
1948 3896 2136 3963 etiam
2179 3918 2294 3982 pro
2327 3895 2534 3962 vocali
2577 3907 2870 3984 correpta
2909 3896 3032 3964 hoc
3061 3898 3156 3963 di-

214 4022 477 4088 gamma
532 4000 628 4066 illi
684 4002 821 4083 usi,
868 4011 939 4066 ut
991 3999 1298 4066 Alcman:
1367 3997 1479 4061 καὶ
1523 4000 1718 4078 χεῖμα
1764 3997 1900 4080 πῦρ
1957 4018 2028 4059 τε
2072 3990 2338 4061 ddfmv.
2425 3994 2550 4062 Est
2603 3996 2770 4063 enim
2824 3998 3156 4065 dimetrum

220 4102 569 4168 iambicum
585 4152 602 4185 ,
649 4113 713 4170 et
756 4104 852 4169 sic
895 4110 997 4169 est
1033 4099 1509 4188 proferendum,
1574 4098 1621 4163 F
1668 4108 1738 4164 ut
1776 4098 1972 4165 faciat
2012 4099 2268 4165 brevem
2311 4097 2644 4185 syllabam.
2731 4099 2952 4167 Nostri
2996 4123 3152 4187 quo-

366 4398 429 4445 10
467 4389 644 4445 torach
678 4390 781 4444 siu.
855 4396 913 4446 11
958 4388 1133 4444 remisi

360 4462 471 4541 (⁷⁵).
500 4530 511 4543 ι
538 4467 561 4513 1
612 4458 661 4512 .ι’.
708 4459 763 4511 in
812 4457 903 4514 den
944 4458 1047 4512 sill.
1096 4457 1199 4511 disi
1238 4457 1405 4526 inquis
1449 4456 1761 4527 irmadeyaid
1844 4460 1875 4509 2
1922 4456 2101 4509 comh's
2136 4452 2391 4508 amrhm'dt'
2421 4452 2594 4507 amur
2679 4457 2712 4505 3
2745 4448 2804 4503 m'
2835 4450 2992 4505 rubai
3020 4452 3156 4507 nach

213 4528 392 4652 &aab
412 4530 557 4652 agg,
590 4527 973 4651 tdivqriacggeaghtas
995 4594 1232 4663 forsimli
1266 4594 1455 4648 maccla
1476 4594 1795 4667 frisinyutai*
1820 4594 1951 4646 remi
2016 4597 2047 4646 6
2086 4592 2123 4646 ,ἱ
2173 4590 2309 4643 lusia
2344 4590 2524 4659 ayutai
2553 4588 2866 4658 imadeyat‘d

361 4671 390 4719 7
426 4668 557 4721 adas
629 4672 658 4719 8
698 4665 1051 4736 closuryabtais
1121 4670 1153 4719 9
1192 4664 1239 4718 ,ί
1280 4662 1653 4731 andliqednisin
1686 4662 2072 4733 nephaccomoil
2103 4659 2228 4712 imm
2263 4666 2406 4713 tem-a
2441 4658 2558 4713 liter
2579 4659 2636 4711 in
2659 4658 2830 4711 oensil.
2907 4661 2969 4710 10
2991 4658 3180 4711 romb.

212 4738 545 4819 tqnaiyqstar
616 4733 831 4845 ll‘sde-rj
864 4734 1065 4819 φακῇ·
1095 4733 1167 4786 ud
1194 4734 1276 4786 sil.
1350 4738 1412 4785 12
1450 4732 1763 4813 arc-{consum
1796 4732 1932 4785 cliuit
1961 4731 2109 4829 iasin-
2137 4732 2230 4851 d1'3
2268 4727 2953 4850 traiqaeitulzglzyarlgitkmlgd
2966 4728 3153 4849 :⁰53⁸

210 4812 367 4929 51:³21?
396 4804 1074 4944 &12⁰3wa
1094 4802 1483 4942 msa-25⁸3?
1506 4801 1705 4923 ἓῖιῷῗ
1740 4800 2432 4937 2231‘2’2022‘1522353re12·
2593 4863 2876 4918 fflmmm-
2931 4833 3156 4934 sitas...

220 4952 283 4998 18
333 4942 757 4997 anasroclmmlai
798 4942 1083 4995 uuachun-sin
1120 4940 1185 4993 do
1222 4958 1272 4995 ,τι
1312 4939 1357 4991 ,αἱ
1394 4956 1499 4991 nau
1534 4941 1611 5004 (in
1646 4943 1823 5008 marg.)
1860 4938 2114 5007 ondsoyur
2149 4933 2334 4989 inmdtk
2367 4936 2492 4988 inm
2529 4934 2718 5004 diym'm
2752 4932 2996 4987 doratatk
3031 4950 3155 4990 αηο.

209 5016 296 5069 sin
336 5012 747 5067 domkumaclaeu
824 5016 883 5065 19
924 5011 990 5064 do
1025 5009 1233 5063 inckosc
1265 5024 1371 5060 aaa
1922 5077 1924 5079 v

356 5084 459 5149 (8⁸)
534 5090 558 5135 l
600 5081 770 5135 anesin
837 5086 866 5134 2
904 5077 1071 5135 ἱπηιάν
1140 5083 1171 5133 3
1198 5074 1493 5131 σαοΙιΖαοέίπ
1560 5082 1594 5131 4
1618 5076 1795 5131 abuitk
1817 5075 2094 5131 archomin
2117 5074 2248 5129 danic
2319 5078 2348 5127 5
2373 5072 2520 5127 intua
2543 5077 2854 5127 &caecatur
2923 5076 2955 5126 6
2979 5070 3155 5126 abuith

210 5150 535 5207 archomain
576 5149 777 5205 diabuit
