3717 5642
567 391 690 458 546
755 393 894 488 (533.
919 394 1040 456 534)
1322 389 1448 458 ΠΙ.
1492 392 1551 460 2.
1619 408 1897 458 venenu
1938 407 2115 458 narr.
2160 408 2701 459 sunsrm‘rxvtm.

565 597 689 663 que
718 577 800 644 ad
827 577 998 644 hunc
1028 577 1198 644 diem
1229 599 1346 664 ego
1379 599 1518 644 sum
1545 577 1813 664 parans)
1859 578 1916 658 1,
1948 577 2051 642 25.
2137 578 2195 643 2.
2225 600 2425 664 pers.:
2471 579 2596 664 hyn
2622 599 2757 664 ρων
2784 590 2905 663 wyt
2948 577 3081 660 (vir
3106 577 3309 644 maior
3336 589 3495 644 natu

566 679 669 763 es)
704 681 760 762 1,
793 681 852 744 2.
905 703 1046 767 pwy
1071 692 1194 768 wyt
1222 679 1398 767 (quis
1429 701 1500 746 es
1515 679 1577 763 ?)
1608 680 1667 761 2,
1699 679 1842 744 215.
1893 702 1973 765 yr
2000 679 2169 766 hym
2192 681 2403 766 ydwyt
2438 703 2566 766 φη]
2590 683 2844 766 ρεὼεαω
2872 679 2971 764 (id
3000 681 3169 765 quod
3199 701 3271 746 es
3300 702 3495 767 quae·-

563 780 745 863 rens)
798 782 849 862 l,
894 784 952 847 5.
1058 783 1118 847 3.
1149 804 1360 869 ,Ρεηε
1423 803 1562 846 mae
1602 781 1887 867 mwyhaf
1926 784 2151 867 moreio
2194 783 2439 867 aqarafi
2487 805 2587 868 μω
2628 781 2697 844 ln·
2757 780 2977 868 (quam
3024 783 3295 848 maxime
3350 805 3493 847 amo

563 880 912 965 mulierum,
959 893 1058 952 est
1101 885 1206 968 ea)
1256 887 1310 964 1,
1348 886 1444 947 17.
1518 904 1562 968 y
1603 883 1850 969 rydlmu
1894 893 1956 946 ot
1992 883 2161 968 ydiw
2193 883 2544 968 quarcloar
2598 881 2775 966 (eum
2819 883 3120 966 liberare,
3180 884 3237 950 si
3282 894 3389 948 est
3429 883 3493 947 in

564 983 850 1068 carcere)
901 987 954 1067 1,
988 986 1088 1052 22.
1155 996 1267 1048 nat
1302 985 1471 1071 ydviw
1518 984 1721 1071 (quod
1762 1006 1893 1049 non
1938 985 2140 1068 extat)
2176 985 2234 1066 2,
2268 987 2411 1050 213.
2467 1008 2541 1048 eu
2581 984 2739 1070 Leg.
2776 989 2829 1066 1,
2862 986 2921 1063 2,
2956 989 3011 1050 1.
3042 986 3099 1050 2.
3146 986 3205 1066 3,
3242 988 3297 1049 1.
3344 988 3405 1064 5,
3441 986 3494 1049 1.

565 1088 624 1150 5.
656 1087 695 1152 8
727 1097 846 1154 etc.
899 1110 986 1173 yu
1033 1090 1087 1168 1,
1122 1089 1180 1166 5,
1213 1088 1272 1152 6.
1319 1089 1377 1167 7,
1411 1089 1447 1150 7
1482 1095 1602 1152 ete.
1689 1085 1867 1152 Plur.
1913 1089 1970 1151 1.
2000 1109 2201 1174 pera:
2275 1088 2587 1152 eennadeu
2622 1111 2728 1174 φη
2782 1087 2855 1153 m’
2888 1109 2933 1173 y
2972 1111 3101 1173 qan
3140 1085 3315 1152 erbin
3370 1085 3497 1170 (le-

572 1188 704 1272 gati
748 1211 964 1254 sumus
1008 1189 1087 1254 ab
1133 1186 1242 1272 E.)
1289 1186 1462 1254 Mab.
1495 1189 1552 1270 2,
1585 1189 1685 1255 28.
1759 1201 1872 1254 nat
1914 1190 2137 1274 wrthyt
2180 1189 2231 1252 ti
2265 1190 2457 1274 gydym
2502 1191 2660 1252 ἀνίει
2698 1192 2771 1253 ni
2812 1189 3017 1276 (quod
3057 1210 3189 1254 non
3232 1200 3499 1273 propter

569 1301 634 1354 te
680 1313 897 1357 sumus
942 1291 1191 1374 tristes)
1243 1294 1296 1372 1,
1330 1291 1430 1358 33.
1519 1293 1578 1356 2.
1621 1311 1822 1376 pers:
1884 1289 2175 1354 ckwitheu
2212 1313 2357 1377 pwy
2394 1292 2568 1376 ywch
2620 1291 2770 1374 (vos
2816 1291 2925 1377 qui
2968 1288 3197 1372 estis?)
3254 1289 3315 1370 2,
3350 1291 3495 1352 216.

565 1393 830 1456 meredic
873 1415 1044 1478 awyr
1082 1393 1256 1478 ywch.
1298 1393 1453 1456 chun·
1494 1392 1722 1474 (stulti,
1769 1415 1805 1456 o
1838 1392 1979 1474 viri,
2026 1393 2185 1458 estis
2228 1392 2377 1476 vos)
2409 1393 2467 1474 2,
2500 1393 2643 1458 228.
2732 1394 2791 1458 3.
2836 1414 3034 1480 pers.:
3082 1392 3345 1455 achewn'
3380 1404 3497 1476 yut

567 1492 652 1555 oct
689 1492 786 1578 (et
827 1515 1048 1560 omnes
1095 1501 1244 1558 sunt
1283 1491 1608 1579 gigantes)
1659 1495 1713 1574 1,
1745 1493 1889 1557 264.
1969 1493 2395 1580 kynebrwydet
2437 1515 2511 1557 ac
2556 1494 2706 1558 awel
2744 1505 2913 1580 wynt
2948 1507 3059 1579 yut
3102 1493 3338 1579 (aeque
3384 1514 3497 1556 ce—

563 1593 729 1660 leres
775 1617 850 1660 ac
891 1605 1121 1662 ventus
1164 1595 1259 1660 illi
1305 1596 1483 1679 sunt)
1528 1596 1587 1676 2,
1621 1595 1764 1659 227.
1831 1595 2140 1678 dyuetlmf
2170 1617 2247 1658 ar
2286 1605 2440 1678 τιν-με
2474 1607 2588 1682 yut
2627 1594 2965 1681 (postremi
3005 1597 3075 1662 in
3105 1617 3265 1660 cena
3308 1593 3494 1678 sunt)

558 1693 716 1782 Leg.
756 1701 808 1778 1,
845 1700 901 1779 1,
934 1700 991 1764 3.

729 1796 952 1866 Praes.
1001 1823 1130 1868 sec.
1179 1801 1346 1886 sing.
1397 1803 1449 1864 1.
1493 1819 1690 1884 pers.:
1746 1818 1979 1884 namyn
2030 1821 2109 1860 vn
2152 1797 2297 1862 mab
2340 1800 2549 1863 oedwn
2589 1802 2621 1864 i
2670 1799 2832 1882 (non
2876 1821 3047 1866 eram
3086 1799 3218 1866 nisi
3260 1799 3499 1866 unicus

560 1899 763 1986 filius)
807 1901 982 1970 Mab.
1030 1906 1084 1984 1,
1129 1904 1187 1968 2.
1258 1902 1365 1986 ses
1392 1924 1469 1966 α-ι·
1506 1899 1772 1986 ymedwl
1809 1900 2047 1963 hwnnw
2086 1899 2382 1984 ydoedwn
2420 1901 2623 1985 φήσει
2679 1901 2778 1985 (in
2822 1900 3045 1966 eadem
3106 1899 3500 1986 cogitatione

565 2027 738 2074 eram
782 2004 933 2092 ego)
979 2005 1036 2087 3,
1086 2007 1182 2070 15.
1269 2005 1328 2068 2.
1373 2025 1573 2090 pers.:
1631 2001 1763 2066 οὐαί
1795 2021 1977 2086 qaree
2018 2001 2097 2064 itt
2131 2022 2319 2086 qoreu
2360 2000 2695 2086 kar-<seweie
2752 2003 2947 2087 oedyt.
3004 2023 3037 2066 o
3088 2002 3186 2066 bei
3236 2003 3501 2066 ordereh

563 2108 640 2170 itt
676 2130 864 2192 yoreu
903 2107 1205 2193 yorderolz
1259 2107 1438 2170 oeduc
1491 2103 1582 2188 (si
1624 2110 1796 2168 esset
1835 2102 1956 2168 tibi
2000 2102 2233 2183 amica,
2292 2102 2573 2186 optimus
2634 2103 2881 2168 amicus
2940 2124 3148 2184 esses;
3206 2103 3267 2169 si
3310 2113 3495 2170 esset

561 2207 680 2273 tibi
726 2209 1008 2298 amatrix,
1056 2207 1330 2295 optimus
1377 2214 1616 2272 amator
1661 2203 1872 2288 esses)
1922 2208 1975 2286 1,
2021 2206 2119 2269 14.
2204 2204 2293 2290 yd
2335 2205 2515 2268 oedut
2556 2207 2607 2268 ti
2642 2227 2770 2290 yny
2814 2207 3033 2291 ωηερε·
3068 2207 3159 2268 im
3200 2203 3377 2288 (eras
3418 2213 3499 2268 tu

562 2309 630 2374 id
676 2309 1113 2376 demonstrans
1157 2310 1342 2395 mihi)
1403 2313 1460 2390 1,
1509 2309 1604 2374 19.
1701 2308 1758 2372 3.
1804 2328 2005 2392 pers.:
2075 2328 2149 2372 ao
2192 2316 2301 2390 nyt
2352 2306 2466 2370 oed
2499 2307 2830 2390 qyuanlwd
2879 2329 3005 2392 yny
3055 2328 3210 2392 qam·
3260 2329 3503 2392 namyn

565 2412 719 2475 aoed
764 2435 852 2497 yn
893 2435 973 2476 vn
1012 2413 1234 2477 neuad.
1281 2433 1354 2476 ac
1393 2433 1516 2496 yno
1565 2409 1766 2497 ydoed
1807 2408 2027 2492 pedetu-
2080 2427 2357 2492 mmwyn
2401 2427 2479 2470 ar
2518 2407 2767 2492 huqeim
2816 2408 2979 2491 (non
3018 2419 3199 2472 erant
3239 2406 3500 2474 incolae

563 2513 631 2576 in
662 2522 871 2580 castro
914 2513 1042 2577 nisi
1087 2512 1407 2598 quierant
1447 2511 1515 2576 in
1545 2509 1692 2576 aula
1718 2509 1928 2590 unica,
1978 2517 2041 2574 et
2068 2509 2162 2574 ibi
2205 2516 2384 2574 erant
2410 2507 2643 2594 viginti
2671 2519 2967 2594 quattuor
3010 2507 3294 2596 puellae)
3344 2513 3399 2590 1,
3427 2511 3499 2574 4.

562 2613 736 2678 Plur.
787 2617 840 2678 1.
889 2635 1090 2700 pers.:
1129 2634 1257 2698 yny
1301 2613 1377 2676 lle
1413 2613 1707 2697 ydoedem
1745 2634 1832 2696 yn
1874 2613 2112 2676 chware
2152 2609 2262 2694 (eo
2306 2609 2467 2693 loco,
2516 2611 2625 2677 ubi
2668 2635 2915 2678 eramus
2944 2609 3271 2693 ludentes)
3312 2608 3500 2676 Mab.

562 2716 620 2796 2,
653 2715 754 2779 24.
855 2716 916 2780 3.
959 2737 1160 2800 pers.:
1214 2735 1374 2800 mwy
1417 2736 1451 2778 o
1498 2713 1685 2778 lower
1721 2763 1735 2780 .
1762 2761 1778 2776 .
1805 2762 1818 2776 .
1864 2713 2081 2798 oedynt
2130 2711 2343 2796 (erant
2382 2712 2579 2780 multo
2623 2712 2892 2798 maiora)
2943 2716 2996 2796 1,
3033 2714 3131 2778 13.
3218 2709 3503 2778 Formae

561 2817 933 2884 hodiernae:
1000 2817 1164 2902 sing.
1205 2817 1488 2896 oeddwn,
1533 2816 1767 2895 oeddit,
1811 2815 1994 2894 oedd,
2050 2812 2213 2899 plur.
2257 2815 2538 2901 oeddym,
2596 2817 2883 2903 oeddych,
2928 2815 3211 2901 oeddynt.

729 2919 966 2984 Forma
1002 2917 1293 3004 passiva:
1335 2917 1584 3002 ydoedit
1620 2939 1709 3003 yn
1751 2917 2021 3002 dyyuorz'
2053 2937 2097 3000 y
2138 2915 2285 2979 τοῖαι
2327 2915 2762 3000 (excitabatur
2788 2917 2999 3004 regio)
3042 2915 3217 2981 Mab.
3248 2916 3307 2996 3,
3346 2918 3499 2981 194.

561 3044 636 3086 ac
673 3021 1017 3106 yndechreu
1061 3020 1313 3084 treulaw
1352 3019 1551 3104 ywled
1586 3019 1676 3104 yd
1715 3017 1878 3082 oedit
1913 3015 2159 3101 ynyllys
2227 3016 2323 3100 (et
2364 3017 2575 3102 parari
2619 3026 2883 3105 coeptae
2944 3025 3095 3084 suut
3136 3016 3364 3103 epulae
3420 3017 3499 3082 in

563 3122 736 3207 aula)
782 3122 840 3204 3,
874 3123 972 3186 34.
1061 3120 1232 3186 Hod.
1278 3121 1518 3186 oeddid.
2234 3121 2239 3126 ’

726 3222 1145 3310 Respondent
1182 3222 1314 3288 fere
1357 3221 1598 3288 formae
1641 3217 1937 3285 comicae
1980 3226 2047 3284 et
2086 3220 2491 3286 aremoricae.
2581 3218 2805 3287 Corn.
2836 3241 3045 3308 praes.
3090 3223 3271 3309 prim.
3318 3222 3497 3309 sing.

569 3328 624 3392 1.
669 3346 867 3413 pers.:
922 3325 1076 3409 ylan
1117 3324 1206 3409 off
1244 3347 1283 3386 a
1325 3346 1446 3387 woe
1494 3346 1580 3387 an
1607 3322 1851 3386 dromas
1892 3319 2123 3406 (purus
2168 3343 2311 3386 sum
2355 3344 2395 3386 a
2425 3321 2736 3408 sanguine
2779 3321 2903 3388 viri
2945 3323 3203 3409 optimi)
3229 3321 3307 3389 P.
3348 3327 3496 3404 149,

561 3429 622 3492 2.
697 3427 818 3512 hyn
859 3425 1074 3512 nayoff
1122 3425 1238 3488 den
1279 3423 1536 3510 skentyll
1565 3445 1696 3508 pur
1740 3420 2153 3507 (quamquam
2197 3445 2327 3487 non
2373 3443 2509 3487 sum
2555 3422 2743 3488 homo
2790 3423 3031 3509 peritus
3060 3424 3282 3510 plane)
3326 3424 3391 3505 8,
3434 3430 3497 3491 1.

560 3528 671 3593 ken
714 3526 922 3613 naqof
945 3549 1120 3614 yvyw
1175 3525 1328 3610 (etsi
1369 3545 1501 3590 non
1545 3545 1684 3589 sum
1727 3522 1951 3609 digna)
2006 3522 2089 3588 D.
2118 3524 2264 3589 481.
2336 3545 2454 3610 ray
2496 3547 2609 3588 ovn
2652 3523 3007 3610 namnaqof
3029 3547 3153 3610 pm·
3197 3526 3329 3591 chal
3374 3527 3499 3610 (ti-

561 3650 738 3694 more
781 3636 952 3693 totus
995 3626 1127 3694 fere
1172 3649 1399 3694 caecus
1446 3625 1614 3711 sum)
1662 3623 1742 3693 O.
1779 3627 1961 3690 1056.
2028 3637 2305 3712 myytern
2349 3646 2489 3688 oma
2541 3623 2689 3709 (rex
2728 3649 2871 3691 sum
2914 3649 3052 3712 ego,
3100 3627 3179 3694 cf.
3226 3650 3289 3714 p.
3324 3629 3497 3714 369)

559 3731 634 3796 Ρ.
663 3731 800 3811 102,
827 3732 885 3795 4.
936 3729 1122 3814 ytlvof
1141 3730 1348 3815 outhys
1379 3728 1646 3814 (afflicta
1674 3727 1864 3812 sum),
1910 3727 2097 3813 ythof
2116 3727 2302 3791 lowen
2332 3725 2508 3810 (sum
2536 3726 2777 3811 laetus)
2810 3725 2888 3792 R.
2922 3728 3063 3792 766.
3100 3730 3281 3796 1165.
3340 3729 3502 3794 lem-

560 3857 706 3921 myn
747 3831 942 3918 ythof
971 3854 1048 3916 vy
1085 3832 1320 3917 yayhye
1365 3831 1566 3916 (nunc
1609 3851 1726 3916 ego
1775 3851 1913 3894 sum
1959 3827 2249 3912 sanatus)
2296 3827 2369 3892 R.
2408 3829 2588 3892 1741.
2659 3851 2763 3892 am
2805 3829 2989 3894 clevos
3030 3829 3319 3915 mythos
3344 3853 3499 3916 yre-

560 3959 704 4021 vyys
760 3932 828 4017 (e
872 3933 1088 4000 morbo
1131 3955 1275 3999 meo
1320 3956 1445 4019 quo
1489 3940 1751 4019 gravata
1791 3932 1966 4016 sum)
2026 3929 2106 3996 O.
2148 3931 2334 3995 2631.
2410 3929 2741 4016 kynthonw
2795 3928 2951 4013 (etsi
2994 3953 3135 3996 sum
3178 3932 3330 4016 ego)
3379 3931 3495 4001 Cr.

565 4037 746 4100 1690.
832 4035 890 4098 2.
934 4056 1136 4120 pers.:
1195 4032 1460 4118 drok3’e22
1502 4055 1566 4098 οε
1609 4032 1842 4118 (malus
1886 4033 2076 4098 homo
2122 4033 2225 4116 es)
2280 4031 2357 4098 P.
2409 4032 2550 4113 192,
2603 4035 2657 4096 1.
2722 4053 2819 4097 σεε
2856 4032 3003 4097 mab
3044 4033 3133 4098 du
3186 4033 3373 4117 (tune
3420 4059 3497 4103 es

559 4137 731 4200 filius
777 4134 879 4200 dei
892 4133 952 4219 Ρ)
1013 4135 1152 4214 100,
1183 4137 1242 4198 4.
1303 4135 1448 4220 9ιῖιο
1493 4147 1766 4220 myqtern
1811 4145 1961 4198 oteee
1998 4155 2085 4218 yn
2128 4135 2291 4198 mech
2326 4134 2507 4219 pylat
2562 4133 2721 4218 (iam
2762 4155 2917 4200 vero
2958 4157 3075 4200 rex
3119 4157 3191 4201 es
3232 4136 3345 4201 tu?
3388 4138 3498 4203 in-

563 4237 701 4324 quit
739 4236 848 4321 P.)
897 4237 1036 4318 102,
1070 4237 1128 4300 3.
1195 4247 1250 4300 te
1288 4250 1404 4319 3812
1449 4235 1584 4299 able
1626 4247 1727 4300 ota
1765 4258 1848 4321 yy
1893 4235 1993 4319 (tu
2032 4235 2243 4316 home,
2291 4235 2457 4300 unde
2504 4257 2575 4301 es
2604 4234 2747 4321 tuP)
2794 4236 2935 4318 144,
2972 4238 3027 4300 1.
3095 4237 3195 4302 del
3232 4258 3347 4317 ose,
3394 4241 3505 4303 del

563 4362 700 4420 osa,
771 4337 868 4402 del
907 4358 1012 4424 oye
1068 4337 1168 4420 (ut
1211 4358 1280 4401 es
1323 4337 1422 4423 tu)
1483 4337 1560 4404 O.
1599 4339 1778 4402 1796.
1823 4336 1908 4401 Ι).
1940 4337 2083 4402 394.
2136 4337 2313 4402 1018.
2364 4337 2559 4418 1926,
2600 4333 2687 4401 D.
2719 4335 2872 4417 7323
2930 4334 3011 4404 O.
3048 4339 3229 4404 1767.
3308 4339 3505 4404 21¹⁴]an

559 4441 732 4527 ytlzos
771 4440 1007 4525 ysethys
1050 4436 1372 4521 (sublimis
1418 4461 1488 4503 es
1521 4438 1774 4520 sedenS,
1820 4437 2042 4521 sedes)
2083 4436 2167 4502 D.
2201 4437 2299 4503 93.
2356 4459 2527 4524 pray
2564 4437 2771 4522 ythoee
2812 4459 2955 4502 mar
2996 4437 3201 4526 woleky
3240 4438 3388 4525 (cur
3418 4463 3499 4508 es

560 4554 632 4606 tu
687 4551 814 4606 tam
874 4539 1102 4605 stultus
1118 4538 1177 4624 ?)
1231 4537 1312 4602 D.
1363 4539 1542 4606 1290.
1607 4539 1728 4624 leyn
1781 4539 1907 4602 thos
1952 4538 2096 4624 bysy
2152 4537 2305 4622 (etsi
2350 4560 2421 4604 es
2466 4537 2795 4623 assiduus)
2848 4537 2927 4603 R.
2963 4540 3145 4606 1060.
3208 4539 3501 4610 benthem

563 4641 670 4708 Cr.
710 4642 889 4706 1660.
980 4642 1037 4705 3.
1069 4661 1270 4727 pers.:
1308 4663 1398 4726 yn
1428 4640 1508 4707 Ο.
1537 4643 1680 4706 614.
1714 4641 1857 4704 618.
1896 4639 2077 4704 1243.
2120 4638 2203 4704 D.
2242 4639 2423 4706 1569.
2467 4637 2544 4703 R.
2577 4639 2720 4704 579.
2750 4640 2894 4705 892.
2952 4662 3021 4705 ev
3051 4639 3130 4707 Ο.
3162 4642 3305 4707 619.
3340 4644 3495 4708 737.

561 4745 702 4807 841.
737 4743 878 4808 847.
913 4743 1057 4807 850.
1091 4743 1232 4805 868.
1265 4741 1406 4805 945.
1440 4741 1581 4806 998.
1644 4763 1729 4803 ew
1773 4739 1850 4805 O.
1890 4741 2027 4804 191.
2066 4741 2244 4822 1012,
2290 4739 2658 4827 plerumque
2696 4761 2776 4826 yv
2806 4740 2919 4807 Dr.
2952 4740 3057 4807 vel
3084 4764 3183 4828 φο
3208 4740 3285 4806 Ρ.
3343 4745 3501 4809 mab

564 4848 650 4910 du
695 4847 771 4908 Ιια
818 4846 935 4908 den
973 4866 1072 4928 yw
1115 4841 1329 4926 lcgffrie
1384 4841 1583 4924 (filius
1629 4843 1732 4908 dei
1776 4851 1840 4907 et
1883 4841 2067 4907 homo
2116 4848 2217 4906 est
2256 4840 2478 4924 simul)
2523 4841 2597 4906 P.
2630 4843 2691 4924 8,
2732 4847 2790 4906 4.
2857 4843 2957 4906 dez
2992 4865 3091 4929 μω
3130 4843 3325 4926 eonfls
3388 4845 3503 4930 (ut

563 4947 868 5032 scriptum
912 4945 1039 5028 est)
1089 4945 1226 5024 125,
1259 4944 1319 5007 2.
1387 4945 1496 5005 dre
1536 4960 1608 5028 3e
1645 4965 1807 5032 you-8
1845 4957 2015 5029 y3ew
2048 4964 2267 5029 prevys
2310 4943 2637 5028 (sermone
2678 4951 2788 5008 tuo
2830 4943 3176 5028 probatum
3207 4943 3336 5028 est)
3386 4945 3497 5026 85,

562 5051 619 5112 2.
701 5049 939 5112 alannae
978 5045 1171 5131 ychen·
1214 5044 1435 5128 scr-{fys
1489 5045 1600 5128 (de
1643 5055 1708 5110 te
1763 5045 2069 5131 scriptum
2114 5045 2240 5128 est)
2302 5047 2396 5125 14,
2431 5031 2512 5108 2.'
2563 5067 2653 5129 yn
2692 5043 2907 5108 ketella
2942 5046 3127 5131 ythyv
3166 5045 3306 5130 rey'o
3358 5046 3501 5129 (nie

565 5158 664 5213 est
719 5145 1182 5228 necessarium)
1241 5145 1323 5210 D.
1382 5150 1552 5212 1167.
1635 5169 1797 5232 praq
1835 5148 2039 5232 yclzyu·
2083 5147 2221 5209 ruth
2280 5147 2375 5210 the
2417 5145 2639 5229 tlcyllae
2692 5144 2838 5227 (cur
2892 5155 2993 5211 est
3038 5146 3231 5230 rubra
3284 5149 3501 5212 vestis

561 5251 740 5334 tuaP)
795 5249 870 5314 R.
915 5251 1099 5314 2529.
1177 5249 1492 5333 maytkyv,
1536 5249 1877 5332 maytlzyw‚
1922 5248 2244 5332 maythew,
2287 5247 2547 5311 ‘mathew
2591 5244 2695 5329 (ut
2738 5245 2850 5330 sit)
2912 5244 2990 5310 O·
3034 5249 3175 5313 688.
3232 5247 3308 5315 R..
3340 5250 3498 5314 501.
