3717 5642
843 398 958 468 VI.
1009 405 1064 466 1.
1139 415 1326 468 cano
1369 415 1957 468 oousmuorroms
2000 415 2477 468 smrsmoss.
2672 406 2813 466 (90¹.
2843 408 2967 470 ⁹0²)
3030 404 3157 468 927

215 585 668 653 conferendum
723 596 825 652 est
875 611 956 652 ar
972 588 1394 653 emor-icum
1447 587 1802 673 exemplum
1859 589 2215 654 sententiae
2271 588 2609 656 relativae:
2668 615 2751 655 an
2806 589 2967 655 ὀίεαι
3016 611 3156 655 maz

212 709 318 752 rer
363 711 448 752 an
494 689 649 752 bara
691 711 810 754 can
854 687 1106 773 (farina,
1151 687 1320 754 unde
1361 687 1437 752 fit
1479 688 1664 774 panis
1709 689 1926 773 albus)
1971 688 2154 756 Cath.

383 789 572 856 Duae
617 791 721 856 vel
761 791 978 878 plures
1024 789 1378 856 sententiae
1423 789 1482 854 si
1525 799 1677 855 sunt
1731 792 2203 856 commotione
2262 791 2549 871 iunctae,
2610 793 2827 857 verbis
2872 792 3153 878 singula·-

213 915 352 956 rnm
419 894 692 978 partium
757 891 1196 958 affirmantium
1261 891 1852 977 praegredientibus
1918 892 2264 958 secundum
2331 893 2689 978 regularem
2772 904 3153 958 structuram

213 993 474 1060 additur
515 993 830 1080 particula
865 1015 941 1080 9,
993 994 1110 1077 9ᾱ,
1155 993 1282 1058 nisi
1325 992 1813 1079 praemittuntur
1870 993 2354 1059 coniunctiones
2414 995 2773 1079 primitivae
2824 998 2959 1080 pei,
3022 1019 3154 1082 eyn,

211 1108 328 1179 eyt,
377 1119 499 1162 can
543 1106 684 1174 etc,
727 1105 800 1160 ut
837 1095 904 1158 in
949 1093 1282 1181 multiplici
1325 1093 1646 1160 sententia
1685 1091 1873 1159 modo
1916 1093 2192 1178 prolata:
2242 1119 2279 1182 9
2322 1098 2497 1160 deaei
2527 1146 2539 1159 .
2578 1147 2590 1159 .
2626 1145 2639 1159 .
2668 1119 2710 1181 9
2756 1095 2946 1160 uada·
2970 1147 2985 1160 .
3023 1152 3034 1163 .
3071 1147 3086 1160 .
3112 1121 3155 1182 9

209 1199 404 1282 (199σί
432 1252 444 1264 .
477 1247 493 1264 .
529 1223 574 1277 .;
644 1197 748 1262 vel
797 1197 866 1260 in
921 1195 1124 1261 altera
1172 1207 1354 1281 parte
1407 1193 1682 1280 duplicis
1737 1193 1955 1258 huius:
2027 1198 2150 1279 pei,
2178 1199 2461 1282 ywyppen‘
2520 1199 2910 1280 ymarclmwc
2949 1199 3156 1283 hynny

203 1298 439 1382 ydeuei
471 1301 582 1384 yth
623 1297 928 1383 amdtsffyn
977 1297 1066 1380 (si
1111 1298 1306 1362 sciret
1359 1317 1564 1383 eques
1610 1295 1812 1387 istud,
1872 1295 2121 1362 veniret
2166 1307 2233 1362 te
2288 1301 2673 1384 protectum)
2737 1304 2799 1380 1,
2854 1299 2955 1365 32.
3054 1303 3156 1366 Ac

211 1421 418 1486 saepe
463 1400 692 1466 eadem
727 1398 1038 1486 particula
1080 1399 1436 1464 sententiae
1489 1398 1820 1464 absolutae
1878 1398 2223 1479 invenitur,
2280 1399 2389 1464 ubi
2444 1403 2885 1485 expectaveris
2940 1401 3155 1467 relati-

211 1523 392 1566 vam:
440 1503 663 1588 hyspye
698 1525 798 1588 yw
837 1499 1083 1588 μῶυ-φῖ
1117 1522 1162 1586 9
1205 1501 1362 1585 dewy
1403 1499 1476 1562 di
1513 1521 1590 1564 ac
1630 1500 1701 1583 qs
1735 1501 2141 1586 (persuasum
2186 1509 2287 1564 est
2328 1501 2508 1585 mihi,
2556 1515 2621 1566 te
2650 1512 2983 1568 venturum
3010 1525 3153 1569 cum

210 1625 309 1684 eo,
357 1605 446 1669 ad
491 1604 776 1670 verbum:
837 1601 1060 1667 venies
1115 1613 1184 1665 tu
1228 1620 1368 1665 cum
1415 1599 1523 1684 eo)
1571 1602 1603 1663 1
1629 1649 1647 1682 ,
1702 1601 1847 1666 259.
1938 1600 2088 1665 tebic
2135 1623 2236 1684 yw
2282 1607 2524 1688 qennyf
2564 1607 2595 1666 i
2629 1605 2825 1690 haym
2864 1628 2909 1690 9
2951 1605 3157 1692 dyqafi

201 1727 250 1788 9
295 1706 648 1771 mas-chamo
684 1705 815 1791 qyd
855 1704 990 1769 ami
1032 1700 1199 1785 (veri
1247 1701 1452 1767 simile
1497 1711 1600 1767 est
1637 1701 1795 1766 mihi
1837 1711 2068 1782 tamen,
2115 1725 2214 1768 me
2258 1703 2668 1769 abducturum
2721 1705 2995 1793 equitem
3024 1729 3154 1772 me·-

207 1795 390 1887 cum3
441 1806 524 1872 ad
563 1807 859 1872 verbum:
905 1804 1218 1870 abducam
1260 1803 1572 1890 equitem)
1627 1805 1676 1884 1,
1724 1802 1867 1869 259.
1958 1801 2301 1890 brodoryon
2340 1828 2446 1890 ym
2489 1809 2561 1869 πί
2598 1831 2676 1872 ar
2713 1831 2847 1892 ρων
2896 1831 2941 1893 9
2986 1808 3155 1874 ὁηοεε

205 1907 520 1994 neitkwyr
555 1929 684 1994 ymy
727 1917 790 1992 ty
843 1905 1132 1990 (cognati
1187 1927 1402 1972 snmus
1456 1925 1576 1969 nos
1621 1904 1788 1982 viro,
1846 1904 1915 1967 in
1971 1902 2153 1971 cuius
2208 1905 2397 1971 domo
2452 1905 2631 1972 fuisti
2674 1917 2861 1976 nocte
2904 1920 3153 1996 praete-

204 2009 366 2090 rita3
417 2008 498 2074 ad
527 2010 820 2075 verbum:
867 2007 1128 2092 cognati
1159 2027 1376 2071 sumus
1421 2027 1542 2071 nos
1589 2004 1744 2086 viro,
1789 2003 1965 2068 fuisti
2011 2006 2357 2091 praeterita
2397 2017 2585 2074 nocte
2628 2009 2696 2074 in
2742 2011 2881 2077 eius
2928 2012 3149 2095 domo)

211 2113 268 2191 l,
319 2112 470 2176 247.
541 2109 702 2176 Item
743 2111 812 2174 in
841 2109 1026 2195 Leg.:
1075 2110 1215 2194 llety
1245 2131 1310 2172 er
1341 2117 1520 2194 eynat
1547 2125 1620 2168 eu
1650 2106 1901 2168 estouell
1941 2106 2207 2192 ebrenyn
2250 2131 2317 2172 er
2357 2109 2477 2172 lton
2520 2109 2623 2174 ebo
2664 2133 2739 2175 en
2780 2111 2954 2178 kescu
2997 2115 3155 2198 endy

207 2211 640 2293 (domicilium
699 2211 930 2278 iudicis
975 2221 1078 2276 est
1118 2209 1481 2277 cubiculum
1521 2205 1692 2292 regis
1738 2205 1896 2271 illud
1936 2207 2007 2270 in
2050 2229 2175 2294 quo
2223 2208 2483 2293 dormit)
2519 2213 2573 2292 1,
2611 2215 2707 2291 11,
2741 2216 2799 2277 4.
2876 2215 3153 2300 esem-yut

203 2334 550 2400 eur-onyae&
577 2314 756 2400 erdely
785 2313 980 2399 dyaat
1023 2333 1350 2398 eurenynee
1391 2331 1460 2374 er
1498 2309 1627 2372 hun
1663 2320 1963 2393 ypenytyo
1992 2311 2194 2374 endan
2240 2309 2609 2397 (presbyter
2652 2315 2917 2399 reginae
2964 2315 3155 2381 debet

207 2413 458 2481 habere
500 2425 746 2482 vestem
799 2413 1059 2500 reginae
1101 2412 1278 2478 illam
1319 2411 1390 2476 in
1431 2432 1560 2497 qua
1597 2408 1824 2475 fecerit
1856 2411 2346 2496 paenitentiam)
2396 2417 2447 2494 1,
2493 2417 2593 2494 24,
2640 2417 2699 2480 6.

386 2517 485 2582 At
525 2539 666 2584 cum
709 2540 750 2581 a
795 2515 924 2582 alia
967 2514 1262 2601 exempla
1299 2511 1566 2578 relativa
1608 2511 1676 2575 in
1721 2509 1929 2576 Mas:
1996 2515 2243 2576 minneu
2284 2515 2580 2600 avynnaf
2604 2539 2683 2602 yr
2722 2517 3027 2602 ymdidan
3068 2518 3153 2582 da

205 2620 482 2683 aedewit
517 2641 562 2704 9
601 2623 854 2682 mt'nneu
896 2617 1006 2681 heb
1044 2639 1088 2702 9
1129 2616 1228 2680 kei
1268 2614 1420 2700 (ego
1467 2613 1610 2680 volo
1667 2613 2091 2679 narrationem
2136 2613 2464 2700 pulchram
2509 2639 2669 2704 quae
2714 2639 3027 2684 concessa
3053 2627 3155 2684 est

203 2719 402 2800 mihi,
461 2721 670 2808 inquit
723 2717 866 2804 Q),
907 2720 1102 2806 yofyn
1144 2739 1336 2782 aomo
1387 2715 1586 2802 kynon
1635 2737 1715 2800 yv-
1768 2715 1937 2800 hymn
1990 2717 2333 2780 aadawssei
2380 2718 2603 2782 arthur
2654 2720 2853 2783 uadunt
2904 2719 3153 2805 (petere

203 2822 438 2909 coepit
475 2819 553 2889 G.
597 2823 665 2887 id
709 2822 880 2908 quod
921 2827 1333 2888 concesserat
1372 2819 1454 2884 A.
1503 2816 1629 2902 eis)
1678 2820 1732 2898 1,
1779 2817 1836 2880 2.
1926 2816 2138 2902 teqaclz
2176 2837 2273 2900 yeo
2310 2839 2391 2902 yr
2432 2819 2666 2903 hamas
2699 2821 2974 2883 onadunt
3015 2820 3151 2906 laoy

201 2945 332 2987 nor
391 2945 646 3008 vorwyn
701 2923 932 3006 deckaf
980 2921 1240 2986 aweletbt
1295 2920 1347 2982 ti
1395 2918 1619 3004 et‘ryoet
1669 2941 1757 3004 9η
1805 2937 1963 3002 9π9ε
2003 2917 2275 3002 prydein
2332 2918 2694 3002 (formosior
2740 2929 2838 2984 est
2878 2921 3151 2987 maxime

202 3023 526 3091 deformis
571 3047 654 3092 ex
695 3024 810 3105 eis,
857 3045 1042 3110 quam
1085 3021 1300 3110 puella
1351 3018 1842 3100 formosissima,
1903 3041 2089 3104 quam
2132 3019 2354 3084 vidisti
2395 3029 2465 3084 tu
2514 3042 2784 3106 unquam
2830 3021 2897 3086 in
2942 3022 3153 3088 insula

201 3123 582 3211 Britannia)
629 3127 662 3192 1
681 3173 701 3207 ,
743 3127 805 3191 4.
897 3122 1108 3189 Solam
1163 3122 1332 3188 enim
1377 3145 1416 3184 a
1469 3120 1539 3185 in
1591 3129 1770 3206 parte
1824 3120 2093 3185 relativa
2152 3120 2253 3184 vel
2318 3121 2605 3186 immissa
2654 3122 2757 3188 vel
2813 3123 3151 3190 subiuncta

203 3227 578 3294 sententiae
629 3225 924 3313 ampliori
979 3235 1170 3311 atque
1221 3225 1288 3288 in
1343 3223 1818 3290 constructione
1880 3222 2215 3308 praemissi
2258 3221 2534 3320 nominis
2580 3223 2849 3290 subiecti
2894 3225 2999 3290 vel
3038 3227 3149 3292 ob—

199 3329 370 3395 iecti
417 3329 711 3416 exempla
751 3326 1095 3394 ostendunt
1133 3323 1422 3412 plurima,
1465 3333 1594 3389 tam
1625 3322 1808 3390 modo
1851 3323 2060 3404 allata,
2106 3345 2295 3410 quam
2327 3345 2522 3410 supra
2548 3323 2613 3389 in
2646 3325 2857 3411 capite
2887 3325 2966 3390 de
3007 3347 3150 3411 pro·

199 3431 476 3496 nomine
525 3429 630 3496 vel
671 3430 752 3494 de
792 3428 1122 3517 particulis
1168 3425 1534 3494 verbalibus
1579 3425 1718 3512 (pp.
1763 3425 1907 3491 392.
1952 3426 2094 3491 420.
2140 3429 2317 3511 421).
2390 3425 2469 3490 In
2498 3428 2730 3513 quibus
2761 3449 2901 3492 cum
2933 3452 2972 3491 a
3004 3449 3149 3493 sen-

195 3534 484 3598 tentiam
511 3532 838 3598 relativam
868 3529 1218 3596 immissam
1245 3527 1349 3593 vel
1381 3527 1778 3592 subiunctam
1821 3525 2132 3593 inchoans
2175 3527 2463 3594 obtineat
2504 3527 2709 3616 locum
2742 3529 3012 3595 subiecti
3047 3530 3147 3595 vel

195 3635 474 3716 obiecti,
515 3633 888 3721 particulam
928 3655 990 3718 9,
1037 3651 1200 3718 quae
1245 3639 1488 3716 partem
1531 3627 1634 3694 eui
1676 3639 1951 3714 praeest,
1998 3628 2213 3695 addito
2258 3630 2630 3714 pronomine
2671 3631 3000 3716 personali
3042 3631 3145 3696 vel

189 3736 592 3825 possessivo
623 3744 689 3800 et
723 3733 964 3801 abolito
995 3754 1192 3798 sensu
1218 3729 1506 3810 relativo,
1553 3751 1756 3815 paene
1791 3730 1988 3796 solvit
2014 3753 2053 3795 a
2070 3729 2321 3824 ‚relicua
2351 3732 2683 3812 sententia,
2728 3743 2863 3796 tum
2902 3741 3146 3797 tantum

191 3838 510 3906 adhiberi
550 3843 744 3924 patet,
789 3855 932 3900 cum
971 3835 1042 3898 in
1085 3832 1230 3898 aliis
1271 3831 1508 3918 linguis
1551 3841 1726 3896 extat
1767 3842 1878 3897 aut
1930 3830 2180 3896 relativi
2223 3855 2411 3899 casus
2457 3833 2754 3919 obliquus
2798 3855 2833 3897 e
2878 3855 3147 3920 praepo-

191 3941 453 4007 sitione
496 3937 786 4026 pendens
827 3934 936 4000 vel
978 3934 1314 4020 genetivus
1361 3941 1472 3998 aut
1513 3933 1877 4000 coniunctio
1920 3933 2188 4000 relativa
2230 3935 2414 4020 quod.

385 4037 608 4121 Quare
661 4037 910 4104 conicio
927 4089 942 4117 ‚
1005 4035 1061 4100 si
1104 4034 1274 4101 absit
1317 4034 1706 4121 praepositio
1726 4085 1742 4114 ,
1795 4057 1909 4120 pro
1966 4035 2261 4120 genetivo
2314 4031 2561 4102 relativi
2630 4035 2913 4119 (dativus
2975 4037 3147 4102 enim

189 4142 456 4230 pendet
499 4161 536 4208 e
577 4161 794 4226 praep.
857 4161 900 4222 9
939 4167 1006 4192 =
1049 4137 1148 4216 di,
1193 4135 1334 4220 do),
1394 4135 1747 4201 cuiusmodi
1809 4135 2167 4222 exemplum
2208 4158 2338 4201 non
2378 4138 2535 4224 legi,
2604 4147 2673 4202 ut
2712 4138 2779 4202 in
2826 4141 3147 4204 sententia

183 4245 438 4311 latina:
499 4251 774 4305 mortuus
823 4251 910 4304 est
959 4240 1089 4319 vir,
1143 4241 1323 4301 ouius
1373 4238 1618 4300 domum
1671 4235 2019 4318 aedfficaoi,
2090 4237 2355 4304 eandem
2408 4261 2553 4306 esse
2608 4238 3141 4305 constructionem

183 4345 628 4414 cambi-icam:
693 4363 888 4407 marw
926 4364 1026 4426 yw
1065 4363 1108 4426 9
1147 4359 1282 4426 ywr
1317 4339 1408 4423 9ἅ
1461 4338 1736 4402 αᾶεἰῑὲεὼ
1771 4358 1816 4421 9
1860 4339 1973 4423 dy,
2029 4357 2173 4402 cum
2229 4339 2542 4426 particula
2593 4340 2885 4406 absoluta
2934 4343 3026 4427 9ἀ
3080 4353 3145 4406 et

185 4445 598 4536 pronomine
637 4441 1014 4529 possessivo
1053 4463 1115 4528 9.

375 4545 598 4612 Etiam
639 4554 790 4631 post
831 4542 1314 4610 coniunctiones
1355 4539 1708 4606 nominales
1749 4540 1855 4605 vel
1902 4539 2145 4606 similes
2188 4541 2489 4608 formulas
2530 4542 2833 4629 loquendi
2888 4543 3143 4628 ponitur

181 4647 528 4739 particula
579 4644 896 4712 absoluta:
963 4644 1076 4709 nal
1110 4667 1156 4730 9
1193 4665 1362 4726 mae,
1417 4643 1530 4708 καὶ
1576 4643 1666 4728 9ἀ
1705 4643 1818 4707 ced
1860 4641 1963 4726 (ut
2004 4651 2133 4724 est,
2190 4650 2260 4707 ut
2316 4652 2481 4724 erat3
2526 4644 2605 4708 cf.
2647 4643 2821 4708 Mab.
2873 4647 2939 4724 1,
2986 4645 3137 4710 259:

177 4751 336 4816 mal
377 4747 560 4814 doeth
602 4746 927 4832 aphwyllic
950 4767 994 4832 9
1023 4746 1276 4832 dywedy
1319 4746 1403 4826 di,
1448 4744 1652 4810 instar
1693 4743 1814 4808 viri
1859 4743 2031 4809 docti
2074 4753 2138 4810 et
2178 4745 2511 4831 prudentis
2556 4744 2717 4810 dicis
2760 4755 2850 4828 tu,
2898 4754 2963 4810 et
3008 4745 3137 4811 hib.

180 4852 380 4920 amal
423 4871 570 4916 cum
613 4870 778 4932 ace.,
823 4871 886 4935 p.
920 4848 1074 4931 657)
1117 4841 1291 4912 Mab.
1335 4845 1422 4932 fq.
1469 4847 1546 4910 lle
1581 4869 1626 4932 9
1661 4845 1929 4932 qwelyck
1974 4846 2190 4931 eqlwys
2231 4845 2353 4908 lcan
2396 4847 2478 4930 dy
2510 4847 2715 4932 pader
2754 4847 2941 4910 wrthi
2981 4847 3137 4932 (quo

181 4959 348 5024 loco
393 4951 640 5018 videris
684 4949 1042 5033 ecclesiam,
1088 4969 1284 5015 canas
1327 4957 1509 5034 pater
1549 4956 1722 5011 tuum
1769 4947 1848 5011 ad
1896 4946 2065 5029 eam)
2116 4949 2167 5026 1,
2215 4946 2357 5011 238.
2442 4949 2635 5032 yofyn
2679 4969 2868 5010 aoruc
2910 4949 2982 5030 ef
3007 4948 3144 5032 ymi

173 5057 344 5144 pale
383 5077 430 5140 9
477 5075 764 5140 mynnwn
807 5063 984 5138 influet
1026 5051 1364 5137 (quaerere
1409 5049 1624 5136 coepit
1665 5071 1702 5114 e
1746 5071 1864 5130 me,
1913 5069 2038 5132 quo
2082 5048 2176 5112 ire
2223 5047 2480 5132 vellem)
2532 5052 2583 5130 l,
2634 5051 2691 5112 7.
2776 5069 2861 5132 ny
2904 5068 3027 5131 wys
3050 5069 3137 5132 pa

179 5175 254 5226 m
299 5181 355 5244 9
397 5176 542 5219 mae
584 5152 1028 5239 (incognitum,
1075 5175 1204 5240 qua
1245 5149 1360 5236 sit)
1405 5153 1463 5234 2,
1509 5151 1650 5216 225.
1699 5150 1840 5215 226.
1923 5173 2005 5235 97·
2050 5173 2181 5214 awr
2218 5173 2263 5234 9
2302 5149 2546 5235 kenycla,
2582 5171 2667 5236 yr
2706 5172 2841 5214 awr
2876 5172 2923 5234 9
2964 5150 3139 5214 rodes
