3717 5642
1021 365 1133 434 IV.
1179 369 1238 434 3.
1303 381 1848 434 commoriens
1892 381 2366 432 san-muron..
2664 368 2805 432 (699.
2828 367 2947 430 700)
3014 366 3136 430 ’137

251 552 492 618 maxime
535 552 710 637 alba)
753 553 928 620 Mab.
987 557 1040 636 1,
1069 554 1130 617 4.
1205 552 1416 638 kymer
1453 575 1498 637 y
1536 553 1705 638 fford
1745 553 1942 618 uckot.
1991 574 2120 639 yny
2138 493 2373 640 ,ἅεῖῃσῆ
2410 573 2493 637 yr
2532 551 2665 618 koet
2716 551 2927 638 (sume
2970 550 3142 616 viam

253 677 490 733 sursum,
536 655 744 720 donec
785 655 1040 720 veneris
1090 653 1172 718 ad
1216 654 1470 740 silvam)
1520 659 1576 736 1,
1606 655 1666 718 6.

393 756 708 822 Addimus
754 757 912 822 duas
957 755 1470 842 praepositiones
1511 754 1905 822 nominales:

393 856 794 924 HERWYD
840 857 1216 941 (secundum
1263 859 1461 944 quod3
1506 858 1547 923 i.
1581 879 1634 922 e.
1681 857 1812 940 ut):
1861 855 2154 941 ahemyd
2188 878 2232 941 y
2276 857 2495 942 dyweit
2531 879 2575 944 y
2603 858 3008 944 kyuamydyt
3049 857 3146 941 (et

254 969 308 1022 ut
345 959 493 1024 dicit
531 958 833 1041 historia)
873 958 1046 1025 Mab.
1080 960 1138 1040 3,
1172 961 1334 1025 2165
1357 995 1442 1008 -
1487 967 1551 1024 et
1591 957 1777 1023 HYT
1823 956 2135 1041 (done03‘
2178 958 2255 1023 cf.
2302 981 2497 1044 supra
2535 959 2644 1045 hya
2675 981 2837 1044 pan,
2896 959 2999 1044 hyr
3043 969 3144 1022 tra

255 1085 341 1146 pp.
385 1063 520 1125 729.
556 1057 711 1144 736)
755 1083 894 1125 cum
942 1061 1282 1146 negatione
1323 1083 1408 1124 na
1452 1060 1552 1145 (ut
1591 1081 1739 1140 non,
1787 1058 1931 1143 ne):
1988 1059 2120 1122 mal
2156 1081 2199 1144 y
2236 1059 2428 1146 qallei
2474 1083 2631 1146 ΨΜ
2677 1059 2907 1124 llezrith
2952 1081 3144 1125 arna-

254 1161 386 1226 dunt
424 1163 587 1226 alent.
634 1162 741 1246 hyt
779 1183 896 1226 naa
932 1163 1147 1247 ywelei
1185 1161 1297 1226 neb
1339 1173 1519 1246 wynt.
1578 1184 1652 1225 ac
1691 1171 1953 1246 wynlwy
1993 1161 2257 1245 atoelynt
2290 1152 2474 1246 pawb
2536 1161 2637 1245 (ut
2676 1171 2903 1249 posset
2944 1162 3145 1246 impo-

253 1285 382 1328 nere
420 1263 764 1349 imaginem
807 1264 970 1349 ipsis
1015 1273 1080 1330 et
1109 1265 1526 1346 simulacrum,
1571 1285 1653 1328 ne
1684 1263 2015 1350 quisquam
2064 1261 2307 1328 videret
2346 1263 2548 1349 ipsos,
2596 1273 2661 1329 et
2700 1263 2830 1350 ipsi
2856 1263 3149 1329 viderent

259 1365 772 1452 unumquemque)
819 1367 881 1446 2,
917 1367 1058 1429 214.

398 1465 710 1534 Cornicae
741 1477 808 1532 et
833 1467 1216 1540 aremoricae
1245 1467 1756 1554 praepositiones
1800 1466 2139 1552 pauciores
2184 1487 2299 1552 per
2332 1487 2401 1532 se
2432 1465 2811 1533 adhibentur
2848 1474 3147 1552 tanquam

258 1568 742 1643 coniunctiones,
786 1567 1094 1655 quaedam
1139 1569 1357 1634 addita
1399 1569 1710 1656 particula
1753 1568 1897 1633 alia.

404 1667 814 1736 Cornicae.
900 1671 966 1736 A
1017 1671 1281 1755 (cambr.
1325 1671 1390 1751 o)
1445 1671 1935 1736 condicionalis:
1996 1693 2035 1732 a
2076 1691 2161 1754 pe,
2199 1691 2287 1754 yn
2330 1668 2493 1733 della
2540 1689 2605 1732 ve
2646 1669 2832 1754 mffre
2872 1692 2955 1755 ny
2997 1691 3151 1732 vean

247 1771 430 1854 fethye
471 1770 562 1846 (si
605 1771 698 1835 ita
741 1781 942 1851 esset,
998 1795 1318 1857 nunquam
1365 1781 1697 1858 superatus
1745 1771 1985 1856 essem)
2031 1770 2104 1835 P.
2154 1772 2252 1851 73,
2303 1772 2355 1833 1.
2432 1793 2473 1832 a
2518 1789 2601 1854 pe
2656 1791 2747 1833 ow
2804 1770 2943 1836 thus
2984 1785 3151 1856 3ewy

263 1895 384 1955 aym
425 1863 763 1957 delyr'tbens
800 1893 886 1956 yn
915 1873 1120 1938 delma
1162 1873 1249 1956 (si
1294 1881 1466 1938 esset
1507 1873 1782 1959 populus
1811 1895 2012 1952 meus,
2056 1895 2185 1938 non
2214 1871 2630 1937 tradidissent
2670 1895 2769 1937 me
2802 1873 2984 1940 vobis
3030 1872 3151 1937 hoc

259 1974 455 2059 modo)
505 1975 645 2053 102,
681 1975 738 2038 2.
823 1973 1134 2040 Eiusdem
1181 1974 1472 2061 exempla
1515 1975 1929 2041 exclamantis
1976 1983 2231 2040 servato
2274 1996 2303 2038 8
2352 1972 2487 2060 (⁸⁸),
2533 1973 2633 2040 bis
2675 1973 2779 2039 vel
2820 1983 2917 2039 ter
2946 1996 3006 2038 ee
3049 1975 3152 2038 vel

257 2099 317 2160 ys
355 2077 638 2162 scriptae,
687 2085 832 2140 ante
879 2076 1054 2142 verbi
1102 2077 1480 2142 substantivi
1527 2077 1758 2143 formas
1803 2078 1933 2142 vid.
1966 2099 2159 2163 supra
2200 2099 2263 2165 p.
2296 2077 2439 2142 549.
2522 2075 2718 2142 Haud
2760 2098 2902 2141 raro
2946 2075 3149 2141 eidem

262 2177 664 2244 coniunctioni
717 2177 1137 2262 praemittitur
1187 2200 1354 2258 mar,
1413 2188 1484 2242 ut
1537 2179 1776 2244 oriatur
1803 2179 2143 2265 particula
2195 2177 2547 2270 composita
2606 2175 2866 2242 MARA
2932 2176 3151 2262 (modo

263 2279 602 2358 coniuncta,
660 2279 846 2343 modo
893 2287 1185 2365 separata
1227 2279 1638 2365 scriptione):
1695 2304 1879 2347 mara
1920 2281 2163 2366 laeuam,
2215 2302 2399 2344 mara
2440 2277 2663 2364 kewsye
2720 2279 2809 2363 (si
2856 2278 3018 2364 dixi)
3075 2277 3150 2343 P.

264 2381 349 2458 82,
381 2383 430 2444 1.
459 2381 518 2444 3.
563 2378 645 2447 D.
686 2381 866 2444 1271.
907 2381 1088 2445 1273.
1175 2379 1370 2444 Plura
1409 2391 1534 2446 tam
1583 2381 1770 2449 huius
1811 2383 2163 2470 particulae
2208 2403 2395 2468 quam
2428 2379 2739 2466 simplicis
2783 2405 2825 2445 a
2868 2380 3157 2466 exempla

267 2481 372 2544 vid.
415 2502 602 2566 supra
643 2503 752 2568 pp.
787 2483 927 2548 190.
960 2484 1102 2546 549.

408 2581 583 2647 DRE
630 2581 841 2666 (dum)
885 2605 1136 2670 semper
1175 2583 1243 2646 in
1287 2584 1756 2672 compositione
1797 2583 2111 2651 HEDRE
2154 2585 2265 2670 (cf.
2312 2584 2545 2650 cambr.
2592 2584 2701 2669 hyt
2743 2582 2905 2668 tra):
2974 2583 3157 2646 heare

269 2706 390 2747 tons
430 2707 474 2770 y
521 2707 612 2748 ow
647 2685 890 2769 plentye
928 2685 1068 2748 ilice
1113 2708 1201 2770 yn
1245 2687 1403 2750 dour
1445 2711 1484 2749 a
1526 2687 1766 2771 scr-yso&
1815 2686 1995 2771 (dum
2040 2688 2429 2754 accusabant
2467 2685 2553 2768 ii,
2612 2684 2799 2750 Iesus
2841 2685 2907 2748 in
2952 2683 3157 2749 solum

274 2785 530 2872 scripsit)
573 2784 652 2852 P.
698 2785 800 2868 33,
834 2789 889 2851 3.
974 2787 1160 2851 hedre
1201 2789 1352 2870 ceys
1383 2787 1530 2872 byn,
1587 2788 1710 2852 bew
1763 2789 1942 2872 (dum
1987 2811 2093 2854 ero
2136 2788 2352 2873 vivus)
2406 2786 2489 2852 D.
2536 2787 2676 2851 847.
2727 2786 2907 2852 1020.
2974 2787 3159 2850 kedre

271 2911 426 2972 vyma
465 2910 534 2952 ov
569 2909 742 2972 pyqy
785 2886 961 2971 (dum
993 2909 1266 2973 precans
1311 2911 1429 2975 ego
1473 2889 1612 2974 ero)
1655 2888 1738 2955 D.
1773 2891 1955 2956 1013.
2022 2891 2205 2955 hedre
2244 2913 2322 2976 vy
2358 2911 2447 2976 yn
2490 2887 2627 2975 heys
2662 2909 2867 2976 qynen
2910 2887 3157 2974 (quam-

273 2987 365 3054 diu
404 2989 524 3055 eris
567 2989 636 3052 in
675 2987 909 3054 mundo
950 2989 1315 3076 nobiscum)
1356 2989 1439 3055 D.
1472 2992 1615 3056 730.
1676 2991 1859 3056 hedo-e
1900 3014 2072 3079 vywy
2114 2991 2294 3076 (dum
2336 2989 2551 3075 vives)
2596 2989 2674 3056 O.
2707 2991 2849 3056 243.

415 3089 618 3172 RAK,
660 3087 850 3156 RAG
895 3091 1214 3178 (propter)
1259 3093 1564 3159 causalis:
1611 3093 1921 3181 dre30u9h
1960 3095 2097 3179 why
2141 3093 2351 3178 be3ens
2394 3093 2554 3178 le3ys
2594 3114 2713 3176 ray
2748 3113 2915 3176 ynno
2955 3113 3049 3155 me
3076 3113 3160 3176 ny

272 3194 410 3277 qaffe
447 3193 607 3278 scyle
649 3214 758 3254 vae
797 3213 944 3276 may
972 3193 1052 3276 fo
1097 3194 1396 3278 dampnye
1440 3193 1584 3280 (per
1629 3218 1744 3261 vos
1790 3197 2135 3277 occidatur,
2178 3218 2323 3260 nam
2368 3194 2435 3257 in
2481 3215 2555 3258 eo
2599 3215 2727 3257 non
2758 3192 3161 3259 inveniebam

281 3317 504 3360 causam
552 3295 811 3373 bonam,
859 3314 972 3356 cur
1015 3294 1497 3378 condemnetur)
1542 3296 1613 3361 P.
1652 3299 1788 3378 142,
1819 3299 1877 3363 3.
1910 3301 1967 3360 4.
2025 3309 2081 3361 te
2118 3319 2217 3382 μω
2260 3295 2395 3361 dall
2432 3318 2549 3380 ray
2587 3317 2777 3381 yenen
2820 3295 3011 3382 περῶ
3047 3293 3161 3359 neb

275 3417 324 3458 ee
359 3401 464 3461 deu
502 3397 656 3482 qlan
693 3417 792 3478 yw
834 3417 874 3458 a
921 3393 1068 3480 hayla
1111 3395 1212 3478 (es
1255 3417 1504 3478 caecus,
1551 3421 1692 3464 nam
1735 3397 2069 3464 nobiscum
2114 3417 2465 3483 suspensus
2510 3396 2619 3480 qui
2662 3405 2781 3482 est,
2829 3398 2925 3463 vir
2968 3420 3161 3484 purus

276 3507 357 3560 est
382 3520 418 3562 a
444 3494 740 3583 peccato)
777 3497 915 3577 192,
941 3497 1000 3560 2.
1037 3518 1156 3582 ray
1183 3521 1266 3560 an
1297 3498 1534 3584 Ia[h]y3
1560 3513 1766 3587 3ynny
1797 3521 1854 3562 ea
1884 3523 1923 3562 a
1952 3523 2070 3586 vyn
2108 3521 2151 3584 y
2182 3495 2487 3584 ddmpnye
2510 3519 2722 3584 porres
2761 3498 2935 3583 (nam
2965 3499 3162 3584 leges,

277 3619 412 3682 quae
451 3597 640 3664 nobis
688 3605 852 3678 sunt,
899 3597 1122 3663 volunt
1165 3620 1304 3663 eum
1353 3599 1646 3666 damnare
1691 3599 2012 3687 protinus)
2043 3601 2141 3681 32,
2174 3600 2231 3664 3.
2320 3599 2485 3668 Cum
2513 3599 2879 3684 negatione:
2924 3599 3041 3663 rak
3080 3620 3164 3684 ny

277 3700 410 3764 allas
447 3701 587 3765 den.
608 3721 704 3790 yn
749 3697 886 3785 heys
927 3699 1148 3764 anetho
1195 3700 1308 3786 qul
1347 3701 1600 3787 defiayth.
1641 3725 1748 3768 vas
1799 3703 1983 3786 (nam
2026 3723 2155 3768 non
2196 3701 2406 3789 potuit
2446 3699 2775 3786 quisquam
2817 3701 2886 3765 in
2928 3699 3164 3765 mundo
3206 3783 3211 3790 .

280 3823 358 3880 ea,
398 3802 638 3882 arbore,
685 3799 778 3864 uti
823 3800 1017 3886 bene)
1059 3799 1141 3865 D.
1185 3799 1350 3864 2547
1363 3826 1379 3882 ;
1437 3801 1552 3867 sed
1596 3804 1811 3869 etiam:
1868 3802 1985 3866 ναῖε
2024 3827 2109 3866 na
2135 3802 2289 3885 sues
2328 3801 2477 3888 leym
2520 3801 2791 3886 lymmyn
2815 3801 2945 3883 sm·
2987 3801 3167 3888 (quia

280 3923 390 3966 non
427 3903 602 3968 fuisti
646 3902 854 3968 adhuc
897 3901 1186 3990 sapiens)
1215 3900 1296 3966 D.
1333 3903 1512 3967 1194.
1567 3903 1684 3968 ναὶ·
1709 3927 1838 3969 nan
1863 3903 2047 3990 quola
2092 3902 2275 3989 (quia
2300 3923 2431 3967 non
2460 3901 2649 3967 video
2694 3903 2869 3988 eum)
2912 3901 2989 3968 R.
3020 3902 3164 3968 865.

419 4003 660 4069 Eadem
706 4013 1012 4090 sequente
1054 4023 1199 4086 may
1243 4003 1612 4087 significans
1655 4005 1762 4070 lat.
1802 4017 1901 4070 ut:
1955 4025 2242 4090 yrmeom
2283 4005 2477 4089 cusyll
2514 4026 2675 4092 naqo
2716 4027 2825 4067 υαε
2864 4025 2981 4090 ray
3024 4023 3167 4086 may

261 4103 336 4182 J'o
373 4105 498 4166 ϋιΐιε
537 4105 795 4188 diswrys
839 4105 1154 4188 (fecerunt
1197 4105 1561 4185 consilium,
1619 4105 1787 4190 quod
1829 4127 1959 4172 non
2006 4115 2139 4172 erat
2190 4107 2456 4186 bonum,
2519 4114 2589 4170 ut
2628 4105 2681 4170 I.
2725 4103 3167 4191 perimeretur)

277 4201 344 4266 P.
369 4205 462 4284 31,
492 4207 550 4268 3.
639 4203 886 4270 Contra
927 4227 1066 4272 cum
1109 4206 1478 4290 negatione:
1522 4207 1640 4270 rak
1679 4231 1764 4270 na
1804 4231 1883 4293 vy
1920 4229 2005 4294 99
2042 4229 2129 4292 yn
2172 4207 2377 4272 awlaer
2419 4205 2531 4289 (ne
2576 4208 2667 4273 sis
2708 4215 2779 4272 tu
2820 4207 2891 4270 in
2933 4203 3170 4271 sollici-

279 4305 502 4390 tudine)
543 4305 622 4370 R.
653 4307 799 4371 474.

427 4406 662 4475 KYNS
706 4407 950 4493 (prius)
999 4416 1304 4494 sequente
1347 4409 1446 4474 del
1487 4431 1610 4474 uno
1657 4410 1946 4495 exemplo
1989 4409 2289 4474 illustrari
2332 4417 2571 4495 potest:
2618 4431 2735 4473 ena
2775 4407 2926 4493 leym
2966 4405 3069 4470 del
3096 4427 3171 4489 vy

277 4529 462 4592 aen-ys
492 4531 595 4596 my
640 4535 681 4574 a
725 4533 858 4574 wra
902 4511 962 4574 ol
1001 4510 1100 4572 del
1137 4532 1340 4595 yvnny
1396 4509 1596 4595 (Eva,
1659 4511 2059 4598 priusquam,
2112 4512 2328 4596 potius
2372 4532 2557 4597 quam
2600 4509 2926 4590 irascaris,
2988 4529 3171 4572 omne

275 4609 480 4675 faciam
523 4612 694 4676 sicut
731 4610 945 4694 voles)
991 4610 1070 4677 Ο.
1103 4612 1246 4676 245.
2980 4601 2987 4606 ’

431 4712 782 4779 Addendae
829 4722 976 4779 sunt
1015 4711 1526 4799 praepositiones
1570 4712 1928 4779 nominales
1973 4713 2188 4798 drqfen
2234 4723 2298 4779 et
2338 4711 2461 4800 bys.

403 4935 426 4957 ⁴
466 4935 679 4990 Servata
713 4933 1085 5004 significatione
1121 4933 1248 4986 loci:
1307 4931 1456 5003 dwyn
1491 4931 1558 5002 dy
1593 4933 1766 5002 aqctoe
1811 4934 1855 4986 a·
1889 4933 2075 5002 awncy‘
2104 4933 2190 5004 hyt
2223 4951 2258 5005 y
2294 4933 2361 4986 lm
2396 4931 2463 5002 dy
2493 4933 2603 5004 ylot
2645 4933 2879 5003 (portabo
2914 4937 3053 4988 tuam
3096 4935 3173 4988 in-

277 5002 482 5068 famiam,
516 5011 776 5075 quatenus
809 5004 914 5057 fuit
945 5005 1106 5074 gloria
1131 5006 1259 5066 ma),
1294 5001 1380 5072 Ity!
1411 5019 1446 5073 y
1466 5002 1587 5072 sycla
1616 5009 1803 5072 φαμι.
1839 5003 1929 5071 'ayt
1956 5019 1993 5072 y
2012 5002 2213 5072 ymlych
2243 5003 2399 5072 ylaw.
2500 5009 2521 5055 t
2553 5020 2589 5084 y
2612 5003 2793 5073 oreiqyt
2824 4999 2954 5058 heul.
2991 5003 3078 5072 Ityr
3106 5003 3181 5072 μά

280 5072 520 5142 fflyffret
551 5089 682 5130 mor.
720 5072 806 5142 lay!
842 5071 914 5138 yd
941 5072 1079 5141 ydiw
1113 5089 1148 5140 y
1183 5071 1353 5140 dayar
1386 5069 1574 5192 (ffmd
1608 5073 1769 5125 siccat
1807 5077 2007 5136 ventus,
2046 5091 2095 5141 q.
2134 5073 2399 5126 humectat
2432 5089 2466 5140 p
2488 5089 2619 5134 uvia,
2656 5091 2706 5141 q.
2742 5071 2963 5127 volvitur
2998 5075 3092 5136 sol,
3126 5091 3175 5148 q.

281 5141 566 5196 circumfluit
601 5157 760 5206 mare,
799 5145 1056 5211 quatenus
1089 5143 1170 5194 est
1205 5144 1358 5206 terra)
1448 5141 1530 5194 ab.
1557 5147 1604 5204 2,
1630 5146 1746 5194 204.

403 5245 585 5313 Zsuss,
623 5263 832 5301 annun.
871 5261 1023 5300 cur.
1095 5243 1192 5298 Eo.
1223 5241 1292 5294 11.
2702 5249 2771 5299 47
