3717 5642
553 378 677 446 XL
1610 393 2023 442 Paoonnmm
2063 395 2397 446 snrroms.

554 565 864 647 bulorum,
907 562 1208 645 locorum,
1258 563 1775 630 observationum
1817 564 1887 630 in
1916 573 2241 651 postrema
2284 564 2537 630 demum
2566 561 2782 648 operis
2810 569 2993 647 parte
3024 559 3238 646 aliqua
3264 582 3481 647 asper·

555 697 706 762 gere
747 674 1089 763 potuimus.

725 784 1021 853 Ceterum
1077 805 1208 851 non
1259 805 1526 869 possum
1575 805 1706 849 non
1757 782 1865 849 hic
1918 783 2135 850 statim
2190 783 2428 870 gratias
2492 804 2683 869 agere
2738 804 2925 868 quam
2978 781 3287 848 maximas
3342 781 3480 847 viro

554 896 1121 984 praestantissimo,
1167 893 1279 980 qui
1323 892 1636 978 singulari
1675 892 2061 960 humanitate
2106 916 2183 959 ac
2226 894 2657 960 benivolentia
2697 914 2826 958 non
2855 891 3041 958 modo
3086 901 3308 958 auctos
3348 891 3483 958 fere

555 1031 673 1075 sua
713 1007 855 1092 ipse
899 1027 1090 1070 manu
1131 1014 1322 1090 atque
1364 1003 1733 1070 emendatos
1779 1013 1843 1069 et
1883 1002 2031 1071 illos
2060 1003 2259 1070 libros
2306 1001 2451 1088 (St,
2498 1001 2604 1070 Gl.
2624 1054 2641 1085 ,
2688 1001 2817 1084 Gr„
2863 1001 3083 1084 Goid.,
3130 1001 3281 1070 San.
3328 1001 3483 1086 Ch.)

557 1119 640 1184 ad
681 1140 779 1183 me
822 1113 1176 1182 transmisit
1217 1123 1283 1180 et
1325 1112 1692 1195 schedulas,
1751 1135 1912 1200 quas
1954 1115 2329 1181 inserendas
2373 1113 2622 1180 curavit
2666 1111 3055 1199 ephemeridi
3094 1110 3483 1179 Kuhnianae

556 1224 838 1312 (Beitr.),
885 1234 957 1288 ut
997 1225 1078 1290 de
1119 1223 1456 1291 Iuvenci
1502 1222 2210 1310 Cantabrigiensis
2256 1225 2476 1292 codice
2526 1223 2843 1290 cambrico
2888 1222 3109 1309 (Ob),
3164 1246 3273 1306 ac,
3319 1246 3482 1310 quae

551 1357 724 1402 nunc
776 1335 955 1421 typis
1000 1334 1398 1422 exprimitur,
1455 1333 2051 1401 commentationem
2104 1336 2203 1402 de
2245 1334 2488 1402 verbo
2543 1333 2993 1418 hibernico,
3050 1333 3154 1400 cui
3206 1333 3487 1400 subiecit

552 1447 798 1534 copiam
877 1445 1335 1512 correctionum
1411 1455 1475 1510 et
1547 1443 2171 1512 animadversionum
2238 1445 2514 1533 epistula
2580 1443 2661 1510 ad
2702 1467 2806 1509 me
2876 1443 3028 1510 data
3045 1493 3064 1526 ‚
3132 1444 3245 1510 sed
3288 1445 3485 1511 etiam

553 1581 758 1648 nuper
803 1571 856 1624 e·
883 1557 1090 1639 curis,
1149 1555 1380 1641 quibus
1423 1551 1686 1620 Felire
1734 1552 1898 1621 Oen
1914 1577 2161 1641 gusso
2218 1556 2501 1622 editurus
2548 1559 2677 1636 est,
2736 1554 3181 1621 liberalissime
3236 1577 3485 1621 mecum

555 1668 1044 1736 communicavit
1084 1665 1375 1754 plagulas
1407 1673 1769 1730 contextum
1797 1667 2098 1734 carminis
2128 1667 2529 1732 continentes
2572 1687 2717 1731 cum
2744 1665 3263 1732 adnotationibus
3291 1689 3485 1732 manu

553 1781 813 1867 scriptis
858 1777 1260 1864 (praesertim
1305 1775 1384 1841 de
1413 1776 1594 1841 varia
1619 1775 1895 1843 lectione
1926 1777 2167 1844 codicis
2196 1776 2335 1862 B.);
2380 1778 2657 1861 tandem,
2706 1776 2853 1841 dum
2894 1775 3056 1842 haec
3082 1777 3230 1862 ipsa
3250 1777 3483 1860 scribo,

719 1888 856 1956 Fis
897 1886 1335 1956 Adamnain
1399 1885 1638 1951 slicht
1700 1886 1939 1953 libair
2005 1911 2103 1954 na
2162 1887 2463 1954 huidre.
2575 1886 2971 1956 Adamnan’s
3036 1887 3249 1954 vision
3311 1899 3487 1954 tran-

551 2000 804 2069 scribed
857 1999 984 2065 and
1025 1996 1373 2063 translated
1423 1995 1584 2061 stom
1638 1995 1746 2061 the
1788 1995 1975 2063 Book
2034 1997 2105 2066 of
2138 1998 2247 2064 the
2290 1997 2443 2064 Dun
2487 1995 2664 2080 Oow,
2732 1997 2885 2062 with
2945 2007 3151 2064 notes.
3262 1997 3487 2082 Simla,

547 2107 1076 2180 MDCCCLXX.
1162 2106 1349 2174 Unde
1390 2106 1461 2171 in
1503 2105 1842 2174 Addendis
1886 2108 2195 2194 quaedam
2239 2108 2512 2195 apposui
2557 2109 2809 2193 (notata
2848 2106 2987 2174 Vis.
3018 2107 3201 2192 Aa).

715 2218 968 2286 Deinde
1014 2217 1376 2304 gratissimo
1421 2217 1632 2282 animo
1678 2219 2128 2303 prosequenda
2170 2229 2270 2286 est
2310 2219 2674 2284 humanitas
2720 2218 3154 2305 praeceptoris
3198 2218 3487 2285 dilectis-

551 2331 696 2400 simi
739 2329 949 2396 Frid.
994 2329 1186 2414 Aug.
1231 2325 1518 2408 Pottii,
1563 2325 1673 2411 qui
1699 2327 1951 2412 roganti
1976 2328 2131 2394 mihi
2170 2353 2303 2396 non
2328 2329 2519 2395 modo
2561 2329 2676 2395 illa
2702 2329 2894 2410 misit,
2938 2349 3101 2413 quae
3144 2328 3227 2393 ad
3268 2328 3489 2414 ipsum

548 2441 869 2530 quondam
911 2437 1346 2505 transmisisse
1391 2458 1462 2502 se
1507 2435 1829 2501 scribebat
1868 2436 1959 2503 M.
2004 2437 2281 2521 Hertz,
2328 2447 2631 2525 excerpta
2675 2462 2754 2505 ex
2785 2438 3105 2504 Prisciani
3150 2439 3486 2506 codicibus

545 2549 955 2638 Leydensi
1001 2547 1180 2634 (Ld.)
1225 2555 1290 2614 et
1331 2544 2007 2614 Carolisruhensi
2052 2548 2187 2632 (Pr.
2236 2547 2413 2634 Cn),
2472 2549 2587 2615 sed
2631 2549 2849 2630 etiam,
2913 2570 3077 2634 quae
3121 2548 3200 2613 de
3242 2549 3487 2634 glossis

552 2661 794 2730 codicis
833 2658 956 2724 Ld.
1000 2658 1070 2722 in
1102 2655 1507 2743 ephemeride
1532 2654 1809 2722 Halensi
1853 2656 2058 2744 (Aug.
2089 2656 2704 2745 Literaturzeitung)
2750 2683 2807 2724 a.
2842 2661 3001 2725 1846
3046 2657 3485 2740 adnotaverat,

549 2797 667 2842 sua
707 2773 848 2858 ipse
891 2791 1080 2835 manu
1125 2765 1330 2865 denuo
1391 2765 1848 2853 transcripsit!

713 2880 1056 2962 Nonnulla,
1104 2899 1266 2964 quae
1314 2899 1351 2943 e
1390 2876 1674 2944 fontibus
1715 2875 2075 2963 purioribus
2116 2877 2370 2945 haurire
2412 2879 2759 2966 nequirem,
2804 2877 3023 2944 addidi
3066 2887 3195 2944 tam
3240 2901 3276 2944 e
3322 2901 3483 2967 sup-

547 2995 866 3082 plemento
913 2988 1198 3074 (O’Don.
1245 2985 1520 3074 suppl.),
1577 3007 1704 3073 quo
1748 2985 1853 3051 Io.
1901 2984 2461 3055 O’Donovan”
2504 2989 2684 3054 auxit
2725 2988 2917 3054 lexici
2976 2989 3056 3055 ab
3104 2986 3485 3076 O’Reilly

551 3103 900 3189 conscripti
943 3101 1292 3167 editionem
1337 3097 1600 3164 alteram
1641 3095 1934 3182 (Dublin.
1986 3097 2179 3183 1864)
2225 3135 2307 3144 —
2351 3120 2727 3186 quamquam
2772 3120 2902 3163 non
2946 3097 3151 3164 solum
3194 3096 3369 3184 quod
3412 3100 3485 3164 in

545 3217 752 3284 fronte
794 3211 940 3279 libri
987 3210 1237 3277 additur
1272 3201 1339 3274 ‘a
1379 3230 1520 3272 new
1568 3206 1826 3288 edition,
1872 3207 2176 3294 carefully
2218 3209 2492 3292 revised,
2538 3209 2665 3274 and
2708 3200 3075 3291 corrected’,
3115 3211 3483 3274 accuratius

547 3324 915 3415 inspicienti
956 3321 1134 3386 brevi
1177 3318 1423 3406 patebit
1475 3315 1635 3382 nihil
1691 3339 1836 3383 esse
1880 3318 2007 3383 nisi
2054 3318 2363 3385 eiusmodi
2408 3319 2773 3400 artificium,
2836 3339 2919 3383 ne
2964 3318 3169 3384 dicam
3211 3321 3483 3385 menda-

553 3432 738 3512 cium,
786 3452 911 3516 quo
955 3429 1169 3495 callidi
1214 3439 1406 3515 atque
1453 3428 1646 3494 astuti
1673 3427 2106 3514 redemptores
2151 3428 2447 3516 decipere
2493 3439 2802 3496 conentur
2842 3437 3161 3515 emptores
3188 3437 3481 3494 veterum

538 3541 840 3607 librorum
881 3549 1272 3606 recoctorum
1316 3559 1393 3603 ac
1425 3536 1531 3602 vix
1571 3549 1985 3620 recoctorum,
2034 3561 2252 3605 verum
2282 3540 2475 3606 etiam
2518 3539 2587 3603 in
2620 3539 3060 3625 supplemento
3104 3538 3249 3625 ipso
3278 3540 3485 3606 multa

537 3651 914 3737 praesertim
960 3673 997 3717 e
1040 3648 1474 3718 Grammatica
1517 3648 1766 3716 Celtica
1807 3658 1920 3715 aut
1961 3648 2191 3716 vitiose
2240 3659 2390 3716 sunt
2432 3649 2809 3735 deprompta
2850 3657 2961 3714 aut
2987 3648 3346 3715 inconsulte
3409 3687 3481 3698 —

674 3837 700 3866 ‘
747 3836 992 3906 Idemque
1036 3839 1143 3889 tam
1180 3851 1244 3888 ex
1277 3835 1408 3889 libro
1422 3875 1436 3900 ,
1485 3836 1571 3888 oui
1605 3835 1931 3888 inscribitur=
1985 3835 2446 3904 ‘Bussordnungen
2482 3835 2574 3890 der
2608 3833 3082 3889 abendli'mdischen
3113 3833 3288 3889 kirche
3321 3837 3483 3892 nebst

537 3923 681 3977 einer
715 3919 1272 3990 weltgeschiehtlichen
1305 3919 1605 3988 einleitung,
1640 3919 2056 3989 herausgegeben
2091 3935 2191 3974 vou
2230 3920 2839 3975 Wasserschleben.
2874 3919 3022 3973 Halle
3060 3919 3214 3973 1851'
3250 3939 3411 3990 quam
3448 3941 3483 3978 e

535 4007 804 4071 schedula,
849 4021 1008 4074 quam
1051 4005 1216 4058 editor
1264 4004 1382 4057 libri
1425 4005 1530 4073 ipsi
1575 4005 1696 4057 olim
1732 4006 2041 4070 tradiderat,
2087 4006 2301 4059 collecta
2334 4005 2586 4074 quaedam
2638 4005 2717 4058 vel
2750 4005 3017 4058 hibernica
3060 4005 3136 4058 vel
3174 4007 3483 4064 obscuriora

535 4093 765 4156 addidit,
811 4091 948 4146 unde
995 4091 1122 4144 haec
1157 4093 1358 4158 repeto=
1404 4093 1477 4159 (p.
1509 4092 1625 4152 136)
1659 4087 1893 4143 Canones
1928 4091 2277 4146 hibernenses.
2312 4119 2377 4132 -—
2424 4089 2479 4144 C.
2506 4094 2553 4142 4.
2606 4091 2728 4144 haee
2760 4097 2835 4143 est
2862 4088 3175 4158 poenitentia
3209 4093 3347 4162 magi
3392 4095 3479 4148 vel

537 4179 695 4233 votivi
729 4177 851 4231 mali
885 4177 931 4230 si
967 4175 1204 4230 credulus
1241 4174 1300 4228 id
1333 4173 1444 4228 dem
1477 4173 1666 4242 eryach
1698 4174 1776 4227 vel
1811 4177 2074 4244 praecoris
2112 4178 2190 4230 vel
2226 4177 2599 4231 cohabitatoris
2632 4175 2711 4228 vel
2748 4175 2961 4228 heretici
2992 4175 3070 4228 vel
3104 4176 3345 4230 adulterii
3378 4179 3481 4233 VII

535 4265 660 4318 anni
694 4264 751 4316 in
773 4277 908 4332 pane
941 4265 998 4314 et
1021 4276 1173 4327 aqua.
1198 4289 1264 4298 —
1303 4263 1374 4330 (p.
1405 4263 1519 4320 139)
1552 4259 1626 4313 De
1653 4261 1812 4314 arreis
1847 4261 2039 4329 incipit
2060 4261 2183 4328 (DC.
2222 4267 2473 4326 ‘ar1·eum,·
2496 4260 2728 4314 remissio
2761 4275 2973 4329 poenae,
3008 4262 3335 4328 permutatio,
3372 4263 3477 4315 im-

536 4349 759 4402 minutio
793 4363 892 4401 vox
929 4345 1048 4399 hibe
1108 4361 1177 4398 an
1210 4344 1570 4398 conferendum
1606 4345 1712 4398 hib.
1750 4349 1850 4398 vet.
1890 4343 2109 4416 athriqe,
2146 4347 2364 4416 aitis-{ys
2374 4352 2417 4412 ἲ)
2454 4376 2520 4385 -
2566 4345 2622 4400 C.
2662 4351 2707 4398 5.
2778 4347 2999 4398 Arreum
3044 4347 3168 4399 anni
3202 4345 3311 4400 XII
3358 4347 3479 4402 dies

541 4438 596 4487 et
629 4437 806 4486 noctes
839 4447 997 4500 super
1029 4430 1136 4484 XII
1171 4429 1396 4483 bucellos
1431 4431 1499 4494 (v.
1523 4430 1557 4485 1.
1583 4430 1828 4496 bucellas)
1864 4431 1929 4483 de
1962 4432 2132 4485 tribus
2168 4433 2389 4502 panibus
2424 4431 2514 4498 qui
2536 4429 2833 4484 efficiuntur
2867 4430 2930 4483 de
2954 4432 3114 4484 tertia
3146 4437 3293 4500 parte
3316 4433 3483 4487 coaid

535 4517 634 4570 siir
671 4515 907 4570 tls-occlto
940 4515 1056 4583 (leg.
1092 4513 1198 4567 cuit
1229 4511 1564 4567 sirtlorosctlzo
1577 4553 1590 4578 ,
1641 4515 1841 4568 ratione
1878 4517 2017 4585 longi
2050 4518 2232 4571 ieiunii
2240 4519 2286 4581 ἲ)
2342 4545 2407 4554 -
2456 4519 2527 4585 (p.
2556 4521 2685 4578 140).
2743 4514 2799 4571 C.
2828 4523 2909 4570 10.
2958 4517 3170 4570 Atreum
3211 4519 3335 4572 anni
3370 4519 3479 4574 XL

534 4603 647 4656 dies
670 4601 836 4671 sordo
872 4599 1050 4668 bow-siit
1085 4600 1200 4668 (leg.
1221 4599 1322 4667 sor
1357 4597 1518 4652 dobor
1551 4597 1584 4652 7
1611 4599 1701 4664 itlz,
1736 4616 1893 4670 super
1927 4617 2063 4670 aqua
2097 4607 2151 4656 et
2173 4604 2341 4656 farre?
2376 4603 2440 4654 cf.
2462 4600 2667 4654 dobrt'th
2691 4600 2881 4666 Gorm.)
2916 4605 2970 4654 et
3002 4605 3477 4672 superpossitiones

533 4687 634 4740 due
681 4686 848 4739 omnis
890 4686 1185 4739 ebdomadis
1221 4683 1317 4739 XL
1355 4684 1523 4747 walmi
1567 4687 1620 4736 et
1653 4683 1909 4739 flectiones
1956 4691 2010 4740 et
2045 4689 2206 4741 oratio
2253 4687 2417 4740 omnis
2454 4687 2621 4742 horae.
2660 4689 2744 4725 ’-
2798 4686 3147 4740 Memorabilia
3194 4693 3322 4742 sunt
3367 4690 3478 4744 duo

531 4773 740 4825 nomina
781 4771 992 4824 indubie
1040 4772 1331 4825 britannica
1375 4770 1432 4822 in
1467 4770 1576 4822 his:
1635 4769 1888 4825 ‘As-bedec
1923 4773 2140 4826 clericus
2182 4773 2291 4840 ipse
2328 4774 2421 4826 has
2456 4772 2781 4825 collectiones
2816 4773 3127 4840 conscripsit
3160 4773 3478 4831 lacinionese

531 4857 926 4925 conscriptionis
961 4855 1270 4910 haellmcaR
1293 4856 1490 4910 Abbate
1512 4854 1860 4923 dispensante,
1898 4873 2027 4926 quas
2060 4857 2125 4911 de
2148 4859 2266 4913 scis.
2302 4858 2569 4926 scripturis
2592 4859 2695 4925 atq.
2722 4871 2784 4909 ex
2812 4857 3005 4911 divinis
3028 4857 3259 4912 fontibus
3293 4860 3377 4912 bic
3413 4863 3478 4916 in

533 4945 628 4996 hoc
665 4943 839 4996 codice
871 4942 1138 5012 glomerati
1185 4945 1312 4995 sunt
1342 4941 1450 4994 sive
1483 4940 1667 4994 aetiam
1703 4942 1767 4995 de
1807 4943 2015 4996 decreta
2046 4957 2151 4999 sca.
2188 4946 2360 5012 patres
2404 4942 2571 4996 sinodi
2606 4943 2722 5010 qui*
2762 4944 2823 4998 in
2856 4943 3071 4998 diversis
3102 4945 3352 5012 gentibus
3390 4948 3477 5000 vel

533 5030 725 5098 linguis
760 5028 1190 5083 construxerunt-⁹

669 5115 722 5142 ⁸·
773 5115 923 5168 cuius
965 5128 1154 5167 nomen
1195 5113 1286 5166 ubi
1337 5115 1602 5181 praeterea
1643 5113 1888 5182 apposui,
1944 5127 2146 5181 semper
2200 5113 2429 5168 eiusdem
2472 5116 2855 5182 grammaticam
2908 5114 3113 5184 linguae
3172 5115 3478 5172 hibernicae

531 5201 776 5268 spectavi.
