3717 5642
918 388 1049 457 ·vl.
1096 390 1154 457 2.
1222 407 1697 457 consmnc‘rro
1739 406 2034 457 rom-103
2079 408 2514 457 ania-Amnes.
2713 394 2848 457 (949-
2871 394 2993 455 950)
3055 394 3177 457 965

276 578 597 663 quinarum
654 578 1067 665 syllabarum,
1124 578 1241 644 sed
1300 578 1558 665 saepius
1613 578 1799 644 etiam
1867 578 2233 645 continuata
2285 586 2416 659 est,
2473 586 2542 644 ut
2593 602 2667 643 eu
2724 602 2840 665 per
2891 588 3185 664 quattuor

272 702 507 761 versus,
554 705 641 744 tm
686 702 799 766 per
829 678 1126 766 quinque,
1172 684 1278 745 uir
1320 704 1433 767 per
1476 681 1599 746 duo
1644 680 1747 745 vel
1792 690 1942 746 tres.
2017 680 2402 747 Allitteratio
2445 680 2564 747 etsi
2609 681 2905 765 neglecta
2947 689 3046 746 est
3086 680 3182 746 in—

268 782 523 863 terdum,
572 782 641 845 in
686 780 972 868 pluribus
1014 790 1225 848 tamen
1270 780 1457 848 facile
1502 780 1926 868 cognoscitur.

427 881 754 949 Orationis
814 884 1103 970 poeticae
1172 884 1439 951 eandem
1495 882 2034 951 constructionem
2099 906 2240 949 cum
2303 882 2578 949 habeant
2629 893 2758 951 tam
2828 883 3184 949 recentiora

268 986 541 1051 carmina
581 986 898 1053 cambrica
940 1009 1125 1073 quam
1184 985 1470 1073 antiqua,
1528 998 1599 1051 ut
1648 986 1888 1052 habent
1937 994 2192 1051 vetusta
2241 984 2596 1067 hibernica,
2660 986 2801 1071 quis
2855 985 3184 1070 negaverit

269 1109 405 1153 esse
456 1087 951 1155 vetustissimam
1010 1099 1199 1175 atque
1254 1096 1619 1175 usurpatam
1674 1112 1713 1155 a
1765 1086 2038 1154 vetustis
2092 1086 2332 1173 poetis,
2389 1108 2648 1173 quorum
2701 1088 2959 1152 nomina
3013 1087 3181 1171 apud

267 1186 571 1255 Cambros
616 1190 1031 1273 celebrantur,
1075 1199 1146 1255 ut
1186 1190 1517 1256 Aneurino
1562 1198 1627 1257 et
1668 1188 2078 1256 Taliessino?

421 1290 767 1375 Aneurini,
836 1300 1062 1379 poetae
1130 1291 1549 1357 vetustissimi
1603 1314 1639 1357 e
1694 1290 1963 1359 vetustis
2015 1287 2426 1375 (Cynfeirdd,
2497 1285 2727 1353 Bardis
2784 1286 3178 1375 primitivis),

264 1390 439 1463 cuius
496 1400 765 1459 aetatem
809 1393 888 1458 ab
933 1417 990 1458 a.
1029 1394 1153 1459 510
1198 1415 1397 1479 usque
1462 1393 1542 1459 ad
1586 1396 1710 1459 560
1757 1392 1979 1459 statuit
2019 1390 2214 1457 index
2255 1398 2580 1477 poetarum
2636 1390 2705 1455 in
2745 1389 2916 1476 Myv.
2965 1388 3179 1469 Arch.,

264 1514 517 1559 carmen
560 1494 939 1580 inscriptum
988 1488 1271 1561 G'ododz‘n
1302 1494 1409 1579 (-=
1446 1494 1573 1561 hib.
1620 1494 1973 1560 Fothudain
1989 1491 2112 1578 ?),*
2157 1492 2326 1579 quod
2379 1491 2545 1557 inter
2586 1491 2936 1558 vetustiora
2976 1491 3180 1578 primo

265 1594 401 1661 loco
448 1596 705 1681 ponitur
748 1596 1032 1683 (Myvyr.
1062 1596 1257 1662 Arch.
1297 1601 1349 1678 1,
1383 1596 1471 1681 1),
1517 1596 1791 1682 exempli
1836 1606 1968 1661 tam
2010 1592 2378 1659 vetustioris
2409 1614 2600 1679 quam
2631 1592 2957 1679 amplioris
2989 1612 3182 1658 causa

263 1695 553 1782 inprimis
595 1696 703 1763 hic
744 1698 1215 1764 memorandum
1258 1708 1375 1781 est,
1422 1698 1710 1781 quamvis
1754 1697 1967 1763 omnia
1995 1695 2153 1761 haec
2195 1704 2462 1777 vetusta,
2509 1716 2638 1761 non
2671 1706 2922 1761 servata
2961 1694 3029 1759 in
3073 1716 3180 1760 co-

264 1796 509 1864 dicibus
553 1798 956 1883 aequalibus,
1003 1798 1070 1863 in
1110 1800 1531 1865 recentiorem
1576 1798 1988 1886 scriptionem
2031 1800 2160 1865 sint
2201 1796 2612 1882 transcripta,
2657 1796 2970 1861 interdum
3013 1794 3180 1860 haud

263 1898 445 1965 dubie
510 1922 549 1965 a
600 1900 1063 1966 recentioribus
1084 1950 1101 1982 ,
1158 1900 1266 1986 qui
1322 1900 1671 1967 vetustiora
1722 1923 1849 1966 non
1913 1900 2358 1986 intellegerent
2401 1908 2491 1979 et,
2553 1908 2624 1963 ut
2665 1898 2804 1963 fieri
2849 1896 3044 1978 solet,
3113 1896 3178 1959 in

260 1998 539 2067 habitum
586 2001 1004 2069 recentiorem
1044 2000 1580 2085 transformarent,
1626 2010 1868 2067 mutata
1911 2001 2013 2067 vel
2057 2000 2454 2088 interpolata.

422 2101 703 2169 Primum
762 2102 953 2169 affero
1006 2102 1245 2189 primos
1301 2104 1603 2170 carminis
1661 2126 1885 2170 versus
1931 2100 2078 2189 (sk.
2123 2101 2208 2169 Π.
2257 2102 2400 2189 62),
2446 2124 2609 2188 quos
2650 2112 2780 2167 tam
2823 2102 2903 2167 ob
2949 2098 3180 2165 allitte-

260 2204 595 2285 rationem,
642 2204 959 2270 interdum
1008 2204 1264 2291 quidem
1308 2206 1757 2289 consociatam,
1804 2205 2064 2292 saepius
2106 2212 2318 2269 tamen
2361 2226 2476 2291 per
2514 2202 2669 2270 bina
2710 2204 2988 2269 membra
3031 2223 3182 2268 con-

392 2408 415 2430 ⁰
450 2408 741 2477 Scriptione
775 2408 1021 2463 hodierna
1050 2406 1328 2478 yododdim
1366 2412 1569 2463 vetuista
1598 2409 1861 2481 puotodin,
1911 2414 1972 2462 ut
2003 2408 2142 2478 apud
2177 2408 2226 2463 N
2228 2408 2440 2463 ennium
2475 2410 2532 2463 in
2565 2407 2772 2463 nomine
2813 2408 3034 2477 regionis
3079 2408 3179 2471 (ed.

256 2475 575 2541 San-Marte,
610 2493 662 2545 p.
703 2482 795 2531 72:
843 2478 1143 2531 ‘Hailcunus
1189 2494 1406 2549 magnus
1452 2496 1539 2532 rex
1575 2480 1711 2548 apud
1750 2478 2011 2533 Brittones
2047 2478 2322 2548 regnabat,
2367 2477 2420 2529 id
2455 2482 2551 2543 est,
2585 2478 2642 2530 in
2677 2478 2880 2545 regione
2915 2476 3181 2530 Guenedo-

258 2552 351 2608 tae,
388 2546 517 2615 quia
550 2550 731 2599 atavus
766 2547 925 2611 illius,
962 2547 1014 2599 id
1050 2551 1145 2610 est,
1181 2545 1440 2614 Cunedag,
1478 2564 1594 2600 cum
1630 2546 1747 2602 filiis
1782 2549 1908 2613 suis,
1946 2562 2164 2617 quorum
2199 2560 2444 2599 numerus
2479 2550 2594 2600 octo
2629 2550 2757 2610 erat,
2795 2550 3002 2599 venerat
3035 2546 3180 2613 prius

257 2614 315 2666 de
362 2618 552 2683 parte
600 2615 979 2678 sinistrali,
1022 2616 1078 2669 id
1112 2620 1221 2679 est,
1268 2618 1331 2669 de
1366 2618 1571 2699 regione
1606 2633 1737 2685 quae
1770 2622 1986 2671 vocatur
2023 2614 2226 2669 Manca
2267 2613 2552 2668 Guowdim‘
2589 2614 2729 2680 Quae
2775 2616 2914 2685 regio
2947 2616 3002 2667 in
3073 2617 3183 2667 arte

254 2684 531 2747 sinistrali,
566 2685 601 2737 i.
627 2699 670 2737 e.
708 2700 741 2737 a
777 2684 1124 2753 septentrione
1158 2684 1303 2749 (cled,
1339 2686 1561 2749 sinister,
1590 2685 1786 2753 yon-led,
1820 2686 2122 2755 septentrio)
2158 2687 2338 2739 contra
2371 2684 2726 2749 Venedotiam,
2764 2700 2896 2752 quae
2931 2688 3010 2737 est
3075 2699 3179 2735 am-

256 2752 365 2805 bria
398 2753 835 2820 septentrIonalis‚
870 2753 1153 2806 secundum
1188 2770 1249 2807 ea
1284 2770 1413 2822 quae
1448 2755 1692 2809 disseruit
1726 2755 1812 2809 sk.
1849 2754 1890 2807 1.
1931 2760 1992 2808 77
2020 2770 2150 2823 sqq„
2187 2754 2419 2822 putanda
2454 2758 2534 2806 est
2568 2750 2900 2807 Gambrorum
2957 2756 3184 2805 extrema

257 2822 391 2891 regio
429 2822 499 2875 ad
540 2823 945 2891 septentriones,
982 2837 1085 2876 non
1118 2822 1209 2875 illa
1244 2824 1448 2891 quidem
1485 2826 1585 2877 sita
1617 2825 1762 2878 iuxta
1796 2840 1934 2877 mare
1970 2822 2318 2887 hibernicum,
2356 2838 2486 2891 quae
2521 2823 2622 2875 iam
2657 2822 2715 2875 in
2750 2820 3000 2875 Chronico
3034 2836 3180 2873 saxo-

256 2892 369 2943 nico
418 2890 486 2945 ad
524 2906 569 2945 a.
607 2894 725 2955 945,
764 2896 898 2945 1000
930 2892 1122 2945 dicitur
1161 2890 1527 2957 Oumbraland,
1564 2892 1714 2946 hodie
1748 2892 2120 2955 cumberland,
2157 2892 2246 2946 sed
2291 2892 2354 2945 ad
2389 2891 2714 2953 Bodotriam,
2765 2891 2852 2943 ubi
2887 2892 3182 2943 etiamnunc

253 2964 304 3012 et
339 2960 491 3029 palus
528 2964 740 3013 vocatur
784 2958 1109 3013 Slamaman
1152 2966 1207 3013 et
1333 2962 1379 3013 ‘o
1419 2960 1833 3025 Clackvnannan,
1889 2965 2033 3016 trans
2067 2962 2318 3029 regionem
2356 2960 2640 3029 Anglorum
2692 2958 3183 3029 septentrionalium,

257 3045 385 3095 quae
434 3028 730 3111 appell-atur
763 3028 1227 3111 Nerthumberland
1242 2976 1346 3083 Ἓξ
1361 3030 1593 3111 Humbro
1634 3030 1817 3112 fluvio,
1852 3031 2169 3152 amplectens
2215 3030 2434 3082 minores
2468 3030 2614 3093 duas,
2649 3028 2934 3081 Berniciam
2979 3032 3032 3080 et
3069 3028 3181 3080 Dei-

256 3114 364 3151 ram
390 3096 1311 3221 §gmiiigoerewonlissilsmffitaDfflt
1330 3098 2172 3222 Bmuglarigan‘l'i-ongwcglebrat.
2267 3166 2340 3219 Le
2377 3168 2480 3219 'tur
2530 3166 2666 3218 enim
2723 3164 2862 3247 apud
2921 3163 3182 3247 Nennium

256 3237 324 3303 (p.
362 3242 463 3301 72,
517 3236 582 3289 cf.
616 3236 701 3289 Sk.
766 3276 780 3290 .
814 3240 963 3300 2302
1020 3236 1127 3288 ‘Ida
1162 3234 1301 3289 filius
1383 3237 1515 3290 obba
1559 3239 1731 3291 tenuit
1773 3240 2005 3307 regiones
2041 3238 2094 3289 in
2130 3238 2312 3289 sinistr
2363 3236 2375 3247 ‘
2463 3239 2574 3287 arte
2606 3234 2932 3296 Britanniae,
2981 3233 3034 3285 id
3083 3238 3180 3295 est,

256 3304 433 3357 Umbri
486 3305 667 3367 maris,
714 3308 769 3358 et
812 3306 1048 3387 regnavit
1083 3306 1235 3357 annis
1278 3306 1545 3359 duodecim
1582 3310 1635 3360 et
1668 3309 1864 3361 struxit
1897 3305 2194 3375 Dinyuaroi
2241 3303 2390 3357 Guoe·
2425 3302 2686 3357 abaneielt.
2754 3303 2900 3355 Tunc
2937 3300 3185 3369 Datiqirn

254 3374 306 3425 in
348 3374 437 3427 illo
487 3378 714 3442 tempore
762 3374 963 3427 fortiter
1005 3374 1283 3427 dimicabat
1330 3378 1507 3428 contra
1539 3379 1745 3445 gentem
1792 3378 1876 3429 An
1909 3376 2089 3427 lorum.
2163 3374 2335 3427 Tunc
2379 3372 2702 3426 Talhaern
2750 3370 3080 3440 Cataguen
3116 3372 3182 3422 in

253 3442 557 3509 poemate
592 3443 839 3497 claruit
872 3442 1187 3496 etNeirin
1218 3443 1596 3497 etTaliesin
1630 3448 1693 3496 et
1717 3444 1877 3497 Bluc
1935 3442 2092 3496 hard
2127 3446 2186 3494 et
2213 3441 2400 3502 Cian,
2437 3442 2540 3509 qui
2577 3444 2842 3495 vocatur
2867 3438 3181 3493 Gueinth-

250 3514 496 3578 gwant,
533 3512 725 3565 simul
760 3526 885 3565 uno
920 3516 1207 3579 tempore
1242 3514 1311 3564 in
1348 3514 1644 3581 poemate
1679 3514 2062 3566 britannico
2097 3508 2528 3565 claruerunt.'‘

386 3580 512 3633 Idae
558 3580 711 3648 primi
756 3580 1165 3636 Nordhumbriae
1212 3597 1265 3634 re
1300 3582 1341 3633 is
1387 3582 1591 3635 initium
1639 3582 1692 3635 in
1742 3581 1994 3635 Chronico
2029 3580 2268 3634 saxonico
2303 3580 2370 3632 ad
2405 3594 2450 3631 a.
2489 3582 2584 3631 547
2623 3580 2849 3629 notatur.
2937 3573 3184 3643 Duu'yirn

248 3650 413 3730 (niger
449 3650 713 3729 dominus)
748 3664 1031 3730 cognomen
1066 3664 1176 3701 esse
1212 3651 1281 3702 vi(
1299 3654 1413 3729 etur
1446 3652 1558 3705 eius
1594 3652 1743 3720 regis,
1781 3652 1869 3704 cui
1900 3650 2113 3729 parebat
2148 3664 2214 3717 po
2250 3650 2370 3728 ulus
2409 3645 2682 3727 Guqtodin.
2753 3646 2812 3699 In
2846 3644 3036 3724 Nonnii
3072 3644 3180 3696 loco

246 3788 381 3839 enim
411 3716 995 3856 ἶ1)ενιςιιιιῗνοιριῖιιῖζίἶιιῗζιῖ)ι
1008 3715 1928 3841 cgunggtgnggmsssshpsserffiffltffi
1984 3726 2139 3839 tang-aig
2183 3712 3184 3855 (offigassfflrgufflggfflugffimffit

244 3860 527 3919 extremus,
563 3872 615 3924 p.
652 3858 795 3922 693),
830 3856 966 3925 quod
1106 3856 1199 3908 lice
1233 3856 1427 3909 dicitur
1466 3854 1816 3927 Bebbaabury,
1852 3858 1886 3909 h
1957 3896 1970 3909 .
2009 3854 2384 3923 Bamborouyb,
2421 3860 2480 3906 ut
2504 3857 2649 3923 patet
2681 3868 2744 3904 ex
2779 3852 2861 3913 iis,
2899 3865 3030 3919 quae
3065 3864 3182 3931 mox

246 3930 497 3977 secuntur
532 3940 615 3993 ap.
649 3926 935 3979 Nenm‘um:
984 3922 1041 3976 ‘E
1110 3924 1247 3977 fered
1282 3924 1427 3977 dedit
1459 3926 1604 3978 uxori
1640 3941 1759 3978 suae
1800 3924 2130 3995 Dinyuaroy‚
2167 3939 2298 3993 quae
2335 3927 2545 3977 vocatur
2579 3921 2767 3985 Bebba,
2803 3926 2856 3973 et
2878 3921 2942 3973 de
2977 3934 3183 3997 nomine

246 4010 366 4046 suae
402 3993 583 4047 uxoris
616 3994 847 4063 suscepit
878 4008 1081 4053 nomen,
1118 3993 1171 4045 id
1207 3996 1300 4056 est,
1337 3993 1739 4046 Bebbanburch.'
1798 3996 1938 4047 Inter
1971 3994 2182 4045 nomina
2249 3992 2478 4044 cetarum
2514 3990 2654 4111 Tul
2688 3990 2944 4041 Nennium
2983 3984 3180 4051 Neirm,

244 4064 307 4115 al.
346 4061 578 4126 Naevia,
614 4063 753 4115 haud
788 4062 943 4115 dubie
978 4064 1275 4129 corruptum
1310 4066 1391 4114 est
1424 4078 1519 4130 pro
1543 4062 1798 4126 Aneurin3
1836 4064 2042 4115 nomine
2070 4060 2204 4113 Blae
2237 4059 2372 4112 hard
2401 4061 2532 4128 signi
2571 4064 2720 4111 catuir
2763 4055 3032 4127 Llywarch
3071 4052 3184 4109 Hen

244 4130 614 4199 (Iiyuarcliken
646 4133 747 4185 iam
786 4132 841 4185 L.
882 4130 1043 4185 Land.
1084 4134 1179 4183 138
1216 4130 1273 4183 in
1308 4131 1650 4199 descriptione
1686 4133 1795 4200 agri
1840 4132 1978 4185 facta
2013 4134 2238 4199 tempore
2284 4129 2512 4198 episcopi
2545 4128 2766 4183 Oudocei
2801 4126 3002 4179 saeculo
3038 4128 3182 4178 sexto

242 4204 495 4263 exeunt03
547 4200 803 4253 diversum
838 4204 945 4265 est,
982 4198 1117 4281 quod
1152 4202 1297 4251 extat
1331 4200 1387 4253 in
1420 4200 1787 4253 recentioribus
1822 4201 2017 4253 chartis
2052 4199 2148 4251 viri
2183 4214 2368 4251 nomen
2411 4196 2692 4250 Leumarch
2727 4202 2853 4257 208,
2897 4192 3182 4247 βου-πιανῶ

244 4275 369 4333 230,
412 4270 495 4323 vel
540 4267 799 4322 laumas-cla
838 4275 929 4323 141
949 4307 962 4334 ,
998 4284 1027 4321 1.
1067 4284 1115 4336 q.
1158 4265 1405 4321 Luuarch
1456 4271 1589 4333 143).
1660 4268 1884 4323 Nomina
1934 4266 2226 4321 Tallmiarn
2269 4270 2322 4319 et
2371 4264 2502 4318 Cian
2547 4266 2682 4319 inter
2715 4262 2908 4318 Bardos
2953 4266 3182 4315 vetustos

244 4341 615 4392 memorantur.

382 4408 643 4475 Regiones
686 4406 890 4460 eaedem
935 4420 989 4457 se
1028 4406 1360 4458 tentrionales
1408 4410 1752 4458 memorantur
1798 4408 1855 4459 in
1891 4405 2136 4459 carminis
2179 4404 2416 4472 inscripti
2468 4400 2704 4456 Gododin
2747 4400 2996 4469 strophis,
3050 4414 3181 4469 quae
3271 4408 3278 4415 ·

243 4474 541 4531 Cseaucum
577 4476 855 4540 celebrant,
890 4475 997 4529 dua
1028 4489 1092 4527 us
1126 4474 1490 4543 posterioribus
1524 4476 1624 4527 ita:

1202 4576 1283 4630 ket
1318 4576 1472 4648 dyffei
1522 4576 1585 4627 W
1670 4576 1707 4629 d
1738 4594 1773 4629 a
1816 4574 2010 4646 Goyled
2042 4591 2068 4629 e
2100 4590 2238 4629 rann

1196 4662 1225 4699 ο
1258 4646 1437 4715 ymyt
1468 4664 1513 4699 m
1633 4644 1910 4715 Ysyyrran.
2022 4726 2031 4736 .

728 4749 1097 4805 “conveniebat
1132 4750 1418 4805 Venedotia
1452 4753 1505 4803 et
1536 4748 1832 4817 Septentrio
1867 4749 1922 4813 (i.
1959 4764 2004 4801 e.
2040 4745 2304 4811 Gumbria)
2339 4745 2450 4798 eius
2485 4745 2686 4812 partem

725 4820 937 4874 consilio
971 4818 1066 4873 filii
1100 4818 1345 4875 Scirani.”

1126 4919 1325 4990 kwydei
1344 4936 1475 5043 ἕνα
1510 4926 1733 4991 pymwnt
1765 4934 1861 4971 rac
1966 4918 2195 4987 lasnawr

1130 5007 1159 5043 ⁰
1196 5006 1307 5060 W

1398 5005 1541 5058 ωυρμ·
1575 5006 1611 5042 a
1654 4988 1886 5057 Brennyc
1955 4986 2234 5056 dychiawr.

968 5092 1303 5148 “Ceciderunt
1338 5096 1565 5163 quinque
1604 5097 1803 5145 turmae
1838 5105 2008 5145 coram
2046 5091 2158 5143 eius
2193 5088 2398 5143 laminis

964 5164 1187 5227 virorum
1224 5164 1405 5218 Deirae
1438 5168 1492 5217 et
1524 5163 1792 5217 Berniciae
1826 5160 2226 5229 gemebundaa'·
