3717 5642
529 387 738 456 XXII
815 389 1308 458 (xxix—xxm)
1626 409 2010 460 rans-mo
2052 407 2413 460 aemonis:

530 575 715 646 Rmo.
751 579 1003 662 donato,
1047 577 1522 667 perhumaniter
1561 579 1840 647 oblatum
1882 579 2083 646 fuisse
2124 602 2293 646 anno
2328 581 2489 646 1606
2533 579 2819 646 Antonio
2848 579 3129 666 Olgiato,
3172 581 3285 667 qui
3323 582 3455 668 pri-

531 709 676 756 mus
719 711 859 756 eam
902 689 1350 757 bibliothecam
1395 689 1707 769 tractavit,
1749 679 2111 774 praefecto.³

696 798 1134 867 Inventarium
1175 799 1476 864 librorum
1519 797 1891 865 monasterii
1920 795 2265 864 Bobiensis
2314 800 2667 866 confectum
2708 823 2764 864 a.
2802 801 2962 866 1461
3010 809 3076 864 et
3104 799 3341 864 editum
3372 803 3453 868 ab

536 911 621 975 A.
667 908 930 996 Peyron
967 909 1039 976 in
1079 907 1286 974 Praef.
1335 907 1417 972 ad
1460 905 1668 974 Cicer.
1715 905 1919 974 Oratt.
1962 907 2183 992 stagm.
2226 907 2487 990 inedita,
2536 906 2743 994 Stutg.
2795 910 2975 992 1824,
3018 909 3179 974 haec
3220 910 3303 975 de
3344 931 3454 976 co·

527 1019 668 1084 dice
707 1017 930 1098 refert,
989 1039 1154 1102 quae
1215 1017 1604 1084 conveniunt
1658 1036 1800 1081 cum
1857 1015 2266 1082 adnotatione
2324 1018 2585 1105 antiqua
2637 1017 2707 1082 in
2760 1018 2982 1085 codice
3031 1018 3177 1106 ipso
3230 1018 3451 1106 (Psy-r.

527 1151 635 1215 pp.
671 1128 772 1193 26.
811 1125 991 1212 188)2
1053 1119 1160 1191 ‘In
1187 1124 1311 1192 hoc
1338 1126 1660 1192 volumine
1705 1125 2064 1191 continetur
2090 1124 2471 1211 Hieronymi
2511 1127 2873 1212 presbyteri
2902 1129 3218 1214 expositio
3262 1151 3457 1216 snper

528 1237 906 1323 psalterium
949 1259 1081 1302 non
1121 1247 1332 1302 tamen
1388 1260 1429 1302 a
1466 1236 1672 1322 primo
1714 1235 1964 1322 psalmo
2006 1234 2186 1320 prius
2228 1235 2574 1322 incipiens,
2633 1235 2749 1301 sed
2790 1237 3101 1322 quosdam
3142 1237 3305 1304 alios
3356 1240 3457 1304 in-

529 1346 768 1412 directe
809 1347 986 1434 prius
1031 1346 1374 1412 disserens.
1422 1346 1654 1412 deinde
1695 1345 1776 1412 ad
1819 1345 2205 1431 psalmorum
2248 1345 2535 1412 ordinem
2572 1345 2655 1412 id.
2680 1355 2779 1412 est
2822 1369 2861 1412 a
2886 1349 3089 1435 primo
3132 1349 3455 1435 incipiens

527 1465 592 1522 et
633 1457 880 1522 demum
924 1457 1390 1542 subsequenter
1439 1457 1510 1520 in
1554 1455 1953 1542 expositione
1995 1455 2350 1542 procedens
2406 1477 2609 1541 usque
2663 1456 2747 1524 ad
2786 1457 2977 1524 finem
3022 1458 3328 1542 psalterii.
3384 1459 3453 1524 in

527 1567 739 1632 littera
780 1565 1170 1650 langobarda
1214 1565 1373 1632 satis
1415 1563 1677 1651 legibili.
1736 1565 1896 1631 satis
1951 1565 2167 1651 magni
2226 1555 2474 1630 volum.²
2524 1657 2539 1668 .
2562 1563 2760 1632 Hune
2809 1576 3021 1634 tamen
3066 1579 3453 1634 commenta·

421 1683 434 1692 ’
523 1677 688 1740 rium
717 1673 1112 1761 Hieronymo
1155 1697 1285 1740 non
1327 1696 1524 1761 posse
1564 1675 1777 1756 tribui,
1821 1683 1951 1740 tam
1978 1673 2368 1740 Muratorius
2414 1675 2681 1756 censuit,
2726 1675 2835 1761 qui
2864 1677 3106 1762 primns
3136 1678 3449 1764 quaedam

526 1785 884 1873 specimina
929 1783 1067 1850 eius
1112 1784 1314 1850 edidit
1355 1785 1609 1871 (Antiq.
1654 1783 1798 1852 Ital.
1827 1784 1957 1868 HI,
2002 1807 2068 1872 p.
2099 1786 2220 1850 859
2252 1785 2405 1871 sq.),
2452 1805 2640 1870 quam
2669 1783 3025 1854 Vallarsius
3070 1809 3333 1873 eperum
3380 1787 3451 1856 S.

527 1894 909 1980 Hieronymi
954 1894 1177 1978 editor,
1223 1895 1333 1981 qui
1375 1896 1557 1983 plura
1601 1894 1789 1960 etiam
1833 1895 1916 1960 de
1958 1918 2035 1960 eo
2078 1895 2301 1962 codice
2338 1893 2641 1960 disseruit
2681 1894 2779 1978 (in
2821 1895 3027 1964 Praef.
3073 1898 3157 1964 ad
3182 1900 3453 1986 Appen-

525 2007 732 2072 dicem
789 2004 949 2070 tomi
990 2002 1152 2088 VII,
1218 2027 1325 2092 pp.
1367 2002 1518 2070 XX.
1559 2003 1762 2090 XXI)
1821 2014 1887 2070 et
1940 2002 2335 2072 Columbano
2392 2005 2905 2072 commentarium
2960 2007 3455 2076 adscribendum

527 2115 820 2184 credidit.
906 2115 1123 2202 Atque
1167 2115 1438 2182 assentit
1475 2115 1546 2180 in
1585 2113 1708 2180 hac
1744 2137 1816 2180 re
1841 2115 1929 2182 A.
1957 2113 2215 2202 Peyron
2238 2115 2309 2200 (1.
2343 2137 2397 2180 c.
2440 2137 2505 2201 p.
2542 2112 2713 2200 189),
2760 2115 2974 2182 stilum
3016 2119 3454 2184 commentarii

523 2235 984 2293 consonantem
1029 2247 1176 2292 cum
1219 2226 1365 2292 stilo
1410 2247 1672 2311 operum
1713 2224 1797 2290 D.
1831 2223 2216 2292 Columbani
2260 2224 2501 2292 dicens.
2588 2223 2775 2292 Haec
2801 2226 3082 2294 virorum
3120 2228 3453 2298 doctorum

521 2337 781 2404 arbitria
818 2345 998 2403 recta
1039 2335 1454 2423 apparebunt,
1501 2335 1559 2400 si
1605 2333 2011 2401 conferuntur
2053 2357 2217 2421 quae
2260 2334 2341 2400 de
2372 2333 2769 2403 Columbano
2814 2337 3020 2404 adhuc
3048 2337 3281 2405 iuvene
3324 2340 3451 2407 sub

519 2449 823 2535 magistre
882 2447 1100 2515 Silene
1157 2445 1495 2532 diligenter
1547 2445 1615 2510 in
1669 2446 1901 2512 studiis
1944 2455 2220 2512 navant-‚e
2274 2454 2490 2511 narrat
2541 2455 2764 2512 auctor
2806 2446 2994 2518 Vitae
3054 2449 3192 2514 eius
3248 2447 3453 2516 Iona-s

521 2557 864 2625 Bobiensis
907 2557 1040 2624 fere
1086 2555 1374 2642 aequalis
1421 2537 1696 2636 (Mihin.
1741 2556 1915 2622 Acta
1956 2553 2219 2637 Bened.,
2264 2577 2431 2620 saec.
2465 2556 2523 2636 2,
2558 2555 2657 2638 6):
2721 2548 3021 2622 ‘Tantum
3063 2555 3453 2625 Columbani

521 2669 590 2734 in
631 2678 893 2756 pectore
937 2665 1292 2732 divinarum
1343 2664 1626 2730 thesauri
1669 2665 2125 2752 scripturarum
2170 2663 2412 2732 conditi
2453 2665 2856 2748 tenebantur,
2914 2675 2985 2731 ut
3023 2667 3190 2734 intra
3232 2667 3454 2734 adole·—

523 2779 810 2845 scentiae
861 2783 1134 2842 aetatem
1199 2774 1494 2840 detentus
1551 2773 2021 2862 psalmorum
2075 2772 2363 2841 librum
2418 2774 2739 2840 elimato
2800 2797 3163 2844 sermone
3208 2799 3455 2864 expo·-

518 2911 654 2954 ner
673 2897 775 2968 et3
819 2886 1146 2971 multaque
1175 2885 1320 2968 alia,
1365 2907 1530 2971 quae
1572 2883 1677 2950 vel
1720 2884 1802 2949 ad
1829 2892 2087 2948 cantum
2118 2884 2314 2969 digna
2354 2883 2457 2950 vel
2499 2883 2582 2949 ad
2610 2883 2971 2952 docendum
3010 2885 3211 2970 utilia,
3256 2909 3455 2952 con-

520 2996 725 3062 didit
767 2987 1031 3062 dicta’.
1137 2993 1384 3061 Horum
1427 3017 1620 3060 unum
1676 2993 1756 3060 de
1801 2994 2252 3060 commentario
2296 2993 2365 3058 in
2408 2993 2716 3081 psalmos,
2770 2993 3039 3062 alterum
3092 2995 3173 3062 de
3226 3019 3455 3064 mono-

515 3105 743 3172 stichis
787 3106 926 3172 eius
971 3103 1178 3172 adhuc
1223 3105 1583 3172 extantibus
1637 3104 1776 3190 (pp.
1822 3105 1970 3169 945.
2022 3103 2178 3189 946)
2236 3101 2751 3189 carminibusque
2792 3103 3033 3172 dictum
3074 3128 3223 3172 esse
3284 3108 3457 3175 satis

514 3225 707 3302 patet.
807 3217 915 3281 Ab
959 3213 1356 3300 Hieronymo
1417 3213 1657 3300 scripta
1708 3211 2020 3300 quaedam
2074 3213 2144 3279 in
2185 3213 2411 3299 primis
2456 3211 2699 3284 codicis
2752 3213 3009 3300 paginis
3068 3215 3455 3301 praemissa,

515 3325 750 3411 glossis
793 3326 946 3391 item
987 3324 1338 3392 hibernicis
1384 3325 1728 3406 instructa,
1775 3344 1973 3390 causa
2010 3307 2247 3388 fuerint
2289 3322 2481 3389 etiam
2524 3324 2991 3407 commentarii,
3063 3324 3173 3410 qui
3212 3325 3457 3412 incipit

514 3459 556 3501 a
595 3435 748 3502 folio
795 3437 895 3518 14,
938 3435 1001 3501 ei
1041 3434 1466 3501 adscribendi.

683 3545 846 3612 Eius
875 3545 1310 3612 commentarii
1343 3541 1656 3610 enarratio
1687 3541 1875 3630 primi
1902 3541 2133 3628 psalmi
2172 3563 2317 3608 cum
2345 3541 2581 3628 glossis
2612 3541 2749 3608 suis
2779 3541 3128 3610 hibernicis
3157 3529 3455 3628 seqnitur

513 3657 580 3722 in
609 3655 986 3743 appendice.
1035 3655 1114 3720 In
1142 3655 1468 3721 reddendo
1497 3662 1676 3720 textu
1704 3651 1923 3732 latino,
1957 3672 2147 3737 quem
2175 3651 2433 3718 nonnisi
2462 3651 2530 3716 in
2559 3651 2865 3736 glossatis
2893 3651 3055 3719 locis
3078 3652 3457 3739 exscripse-

511 3787 664 3848 ram,
693 3787 816 3831 nec
843 3763 1178 3831 Muratorii
1207 3763 1559 3851 specimine
1587 3781 1710 3827 nec
1740 3759 2043 3826 Vallarsii
2072 3759 2214 3846 (qui
2242 3761 2439 3828 multa
2464 3760 2745 3846 pessime
2773 3760 2961 3847 legit)
2990 3771 3233 3828 textum
3262 3762 3455 3830 codi-

514 3875 608 3942 cis
639 3875 798 3942 satis
825 3884 1120 3941 accurate
1149 3873 1560 3960 exprimente,
1591 3869 1752 3936 illud
1769 3868 2110 3936 Muraterii
2139 3869 2336 3936 multo
2366 3869 2589 3957 purius
2615 3867 2957 3955 plurimum
2988 3881 3245 3938 secutus
3276 3892 3451 3938 sum.

681 3982 986 4050 Codicem
1039 3976 1599 4063 ‘vetustissimum,
1657 3969 2184 4066 antiquissimum
2234 3978 2390 4043 dicit
2446 3977 2837 4046 Mur-aterius
2894 3982 3031 4067 (pp.
3076 3981 3221 4046 859.
3262 3981 3459 4067 871),

512 4116 698 4182 quem
745 4094 1048 4161 describit
1095 4095 1180 4158 A.
1226 4091 1482 4176 Peyron
1523 4091 1616 4155 ita
1655 4089 1750 4174 (p.
1786 4088 1971 4174 188).
2045 4080 2602 4155 ‘Membranaceus
2646 4109 2814 4153 saec.
2859 4087 3053 4171 V111;
3110 4088 3458 4156 character

513 4206 964 4292 longobardus,
1011 4227 1155 4285 seu,
1201 4201 1296 4266 uti
1336 4222 1510 4282 reor,
1559 4198 1899 4264 saxonicus
1942 4197 2026 4263 ad
2061 4220 2391 4264 romanum
2440 4197 2602 4262 iam·
2592 4195 2964 4280 ·inclinans;
3017 4190 3208 4266 folio?
3318 4199 3467 4268 Est

512 4315 844 4382 character
901 4313 1307 4392 hibernicus,
1365 4318 1438 4376 ut
1489 4319 1640 4374 sunt
1680 4307 2046 4374 hibernicae
2092 4305 2379 4392 glossae,
2438 4328 2601 4393 quae
2656 4315 2871 4373 tamen
2924 4307 3168 4374 calamo
3230 4307 3465 4378 minus

522 4449 688 4512 pure
731 4425 839 4490 vel
881 4433 1068 4490 acuto
1113 4423 1180 4488 in
1225 4421 1408 4486 initio
1453 4418 1668 4506 operis
1713 4426 2009 4483 exaratae
2051 4425 2226 4497 sunt,
2281 4415 2373 4480 ita
2414 4425 2485 4480 ut
2522 4415 2837 4482 interdum
2881 4439 3071 4502 aegre
3122 4416 3253 4500 legi
3292 4439 3473 4503 pos-⁴

519 4535 674 4616 sint,
722 4535 985 4620 puriore
1029 4556 1180 4600 vero
1226 4531 1550 4616 deinceps.
1651 4526 1894 4595 Omnes
1937 4525 2055 4590 has
2098 4525 2350 4610 glossas
2394 4525 2651 4611 assequi
2700 4547 2823 4592 nec
2874 4525 3051 4593 volui
3102 4525 3476 4612 (quaedam

525 4645 773 4710 scilicet
814 4642 1078 4708 minoris
1121 4641 1504 4708 videbantur
1545 4636 1881 4720 momenti)
1936 4657 2059 4701 nec
2100 4633 2311 4722 potui,
2366 4634 2656 4721 quamvis
2700 4623 2873 4700 adfu‘i
2926 4636 3027 4702 bis
3068 4635 3470 4724 Mediolani,

519 4763 588 4819 ut
629 4753 869 4840 potirer
911 4752 1268 4840 glossarum
1311 4749 1500 4835 copia
1543 4748 1734 4814 etiam
1775 4745 1965 4811 huius
1997 4743 2260 4809 codicis.
2344 4741 2545 4808 Adfui
2587 4743 2752 4809 enim
2780 4744 3057 4812 infausto
3100 4755 3272 4813 astro
3314 4755 3475 4818 tam

519 4863 728 4950 prima
765 4863 938 4944 vice,
985 4884 1126 4927 cum
1171 4862 1250 4928 ob
1297 4880 1714 4946 congressum
1758 4855 2084 4922 doctorum
2124 4851 2355 4918 Italiae
2397 4853 2675 4920 virorum
2714 4852 3103 4921 bibliotheca
3154 4878 3287 4923 non
3328 4879 3477 4945 pa-

510 4983 676 5039 teret
713 4970 1150 5040 laborantibus
1195 4971 1310 5036 sed
1351 4964 1817 5048 visitantibus?
1870 4986 2057 5050 quam
2102 4963 2304 5029 altera
2345 4962 2489 5029 vice
2530 4985 2751 5030 mense
2795 4965 3091 5050 Auguste
3148 4987 3207 5031 a.
3254 4967 3475 5054 1846,

642 5145 669 5174 '³
705 5143 968 5208 Quantum
1013 5143 1126 5193 tum
1169 5139 1320 5194 licuit
1361 5139 1442 5192 uti
1483 5138 1658 5192 codice
1701 5151 1907 5190 carmen
1952 5133 2151 5204 primae
2200 5134 2421 5202 paginae
2468 5133 2717 5202 descripsi
2762 5136 2817 5187 et
2858 5133 3107 5203 quasdam
3141 5150 3235 5203 per
3269 5139 3481 5198 totum

506 5229 736 5284 codicem
749 5269 764 5296 ,
811 5234 874 5282 ut
906 5227 1224 5280 obvenerunt
1257 5225 1492 5288 forante,
1547 5223 1727 5292 collegi
1759 5221 1957 5292 glossas
1974 5259 1989 5284 ,
2050 5235 2183 5288 quae
2235 5220 2290 5272 in
2326 5221 2421 5274 hee
2452 5235 2607 5288 opere
2639 5219 2781 5273 nudo
2815 5219 2965 5288 signo
2996 5219 3085 5276 m.
3118 5219 3487 5288 significatae

504 5319 662 5380 sunt,
705 5329 812 5369 non
849 5311 1044 5382 notatis
1076 5310 1278 5380 paginis
1310 5308 1518 5362 codicis.
3358 5333 3392 5348 -
