<?xml version="1.0" encoding="UTF-8"?>
<!DOCTYPE html PUBLIC "-//W3C//DTD XHTML 1.0 Transitional//EN"
    "http://www.w3.org/TR/xhtml1/DTD/xhtml1-transitional.dtd">
<html xmlns="http://www.w3.org/1999/xhtml" xml:lang="en" lang="en">
 <head>
  <title>
</title>
<meta http-equiv="Content-Type" content="text/html;charset=utf-8" />
  <meta name='ocr-system' content='tesseract 3.04.00' />
  <meta name='ocr-capabilities' content='ocr_page ocr_carea ocr_par ocr_line ocrx_word'/>
</head>
<body>
  <div class='ocr_page' id='page_1' title='image "./grammaticacelti01ebelgoog_0479.png"; bbox 0 0 3717 5642; ppageno 0'>
   <div class='ocr_carea' id='block_1_1' title="bbox 856 351 3174 422">
    <p class='ocr_par' dir='ltr' id='par_1_1' title="bbox 856 351 3174 422">
     <span class='ocr_line' id='line_1_1' title="bbox 856 351 3174 422; baseline -0.001 -4"><span class='ocrx_word' id='word_1_1' title='bbox 856 351 936 419; x_wconf 88' lang='lat' dir='ltr'><strong>V.</strong></span> <span class='ocrx_word' id='word_1_2' title='bbox 983 355 1044 418; x_wconf 85' lang='grc'><strong>2.</strong></span> <span class='ocrx_word' id='word_1_3' title='bbox 1111 369 1532 418; x_wconf 66' lang='lat' dir='ltr'><strong>concerno</strong></span> <span class='ocrx_word' id='word_1_4' title='bbox 1581 354 2001 422; x_wconf 70' lang='lat' dir='ltr'><strong>&#39;BRITAmncA</strong></span> <span class='ocrx_word' id='word_1_5' title='bbox 2048 365 2595 414; x_wconf 60' lang='lat' dir='ltr'><strong>ramxonmuun.</strong></span> <span class='ocrx_word' id='word_1_6' title='bbox 2660 355 2971 414; x_wconf 67' lang='lat'><strong>(873—875)</strong></span> <span class='ocrx_word' id='word_1_7' title='bbox 3059 354 3174 416; x_wconf 84' lang='grc'><strong>901</strong></span> 
     </span>
    </p>
   </div>
   <div class='ocr_carea' id='block_1_2' title="bbox 200 535 3182 5194">
    <p class='ocr_par' dir='ltr' id='par_1_2' title="bbox 249 535 3179 725">
     <span class='ocr_line' id='line_1_2' title="bbox 254 535 3179 624; baseline -0.002 -16"><span class='ocrx_word' id='word_1_8' title='bbox 254 541 442 608; x_wconf 78' lang='lat' dir='ltr'><strong>cath.</strong></span> <span class='ocrx_word' id='word_1_9' title='bbox 533 543 657 604; x_wconf 61' lang='lat' dir='ltr'><strong>aas</strong></span> <span class='ocrx_word' id='word_1_10' title='bbox 697 537 1098 624; x_wconf 74' lang='lat' dir='ltr'><strong>(consilium)</strong></span> <span class='ocrx_word' id='word_1_11' title='bbox 1139 537 1304 604; x_wconf 72' lang='lat' dir='ltr'><strong>Buh.</strong></span> <span class='ocrx_word' id='word_1_12' title='bbox 1347 540 1460 619; x_wconf 90' lang='grc'><strong>64,</strong></span> <span class='ocrx_word' id='word_1_13' title='bbox 1531 537 1625 601; x_wconf 97' lang='grc'><strong>10.</strong></span> <span class='ocrx_word' id='word_1_14' title='bbox 1673 537 1790 617; x_wconf 91' lang='grc'><strong>66,</strong></span> <span class='ocrx_word' id='word_1_15' title='bbox 1851 537 1949 602; x_wconf 98' lang='grc'><strong>17.</strong></span> <span class='ocrx_word' id='word_1_16' title='bbox 2010 537 2163 616; x_wconf 89' lang='grc'><strong>176,</strong></span> <span class='ocrx_word' id='word_1_17' title='bbox 2220 535 2278 601; x_wconf 84' lang='grc'><strong>7.</strong></span> <span class='ocrx_word' id='word_1_18' title='bbox 2352 537 2518 618; x_wconf 77' lang='lat' dir='ltr'><strong>atser</strong></span> <span class='ocrx_word' id='word_1_19' title='bbox 2558 535 2882 622; x_wconf 87' lang='lat' dir='ltr'><strong>(dubium)</strong></span> <span class='ocrx_word' id='word_1_20' title='bbox 2932 537 3073 617; x_wconf 85' lang='lat'><strong>152,</strong></span> <span class='ocrx_word' id='word_1_21' title='bbox 3122 538 3179 602; x_wconf 88' lang='grc'><strong>7.</strong></span> 
     </span>
     <span class='ocr_line' id='line_1_3' title="bbox 249 637 1408 725; baseline 0.001 -19"><span class='ocrx_word' id='word_1_22' title='bbox 249 644 388 723; x_wconf 89' lang='grc'><strong>164,</strong></span> <span class='ocrx_word' id='word_1_23' title='bbox 442 644 542 706; x_wconf 91' lang='grc'><strong>17.</strong></span> <span class='ocrx_word' id='word_1_24' title='bbox 615 641 846 704; x_wconf 70' lang='lat' dir='ltr'><strong>adam-e</strong></span> <span class='ocrx_word' id='word_1_25' title='bbox 890 638 1181 725; x_wconf 87' lang='lat' dir='ltr'><strong>(iterum)</strong></span> <span class='ocrx_word' id='word_1_26' title='bbox 1226 637 1408 707; x_wconf 78' lang='lat' dir='ltr'><strong>Cath.</strong></span> 
     </span>
    </p>

    <p class='ocr_par' dir='ltr' id='par_1_3' title="bbox 228 737 3182 1944">
     <span class='ocr_line' id='line_1_4' title="bbox 423 737 3182 830; baseline -0.001 -21"><span class='ocrx_word' id='word_1_27' title='bbox 423 742 832 830; x_wconf 85' lang='lat' dir='ltr'><strong>Praepositio</strong></span> <span class='ocrx_word' id='word_1_28' title='bbox 861 741 1219 808; x_wconf 87' lang='lat' dir='ltr'><strong>britannica</strong></span> <span class='ocrx_word' id='word_1_29' title='bbox 1247 741 1430 809; x_wconf 82' lang='lat' dir='ltr'><strong>CAN</strong></span> <span class='ocrx_word' id='word_1_30' title='bbox 1433 743 1488 808; x_wconf 84' lang='lat' dir='ltr'>T</span> <span class='ocrx_word' id='word_1_31' title='bbox 1533 742 1735 827; x_wconf 81' lang='lat' dir='ltr'><strong>(cum3</strong></span> <span class='ocrx_word' id='word_1_32' title='bbox 1778 740 2095 819; x_wconf 81' lang='lat' dir='ltr'><strong>inficiens,</strong></span> <span class='ocrx_word' id='word_1_33' title='bbox 2142 739 2309 805; x_wconf 88' lang='lat' dir='ltr'><strong>sicut</strong></span> <span class='ocrx_word' id='word_1_34' title='bbox 2347 737 2493 824; x_wconf 90' lang='lat' dir='ltr'><strong>ipsa</strong></span> <span class='ocrx_word' id='word_1_35' title='bbox 2533 739 2879 806; x_wconf 76' lang='lat' dir='ltr'><strong>infectione</strong></span> <span class='ocrx_word' id='word_1_36' title='bbox 2908 751 3182 806; x_wconf 81' lang='lat' dir='ltr'><strong>mutatur</strong></span> 
     </span>
     <span class='ocr_line' id='line_1_5' title="bbox 236 839 3176 932; baseline -0.001 -22"><span class='ocrx_word' id='word_1_37' title='bbox 236 857 417 932; x_wconf 73' lang='lat' dir='ltr'><strong>yant,</strong></span> <span class='ocrx_word' id='word_1_38' title='bbox 459 845 623 930; x_wconf 72' lang='lat' dir='ltr'><strong>qun)</strong></span> <span class='ocrx_word' id='word_1_39' title='bbox 664 843 736 910; x_wconf 91' lang='lat' dir='ltr'><strong>in</strong></span> <span class='ocrx_word' id='word_1_40' title='bbox 761 845 988 932; x_wconf 86' lang='lat' dir='ltr'><strong>paucis</strong></span> <span class='ocrx_word' id='word_1_41' title='bbox 1017 845 1390 930; x_wconf 72' lang='lat' dir='ltr'><strong>compositis</strong></span> <span class='ocrx_word' id='word_1_42' title='bbox 1421 843 1758 910; x_wconf 72' lang='lat' dir='ltr'><strong>cumbricis</strong></span> <span class='ocrx_word' id='word_1_43' title='bbox 1785 839 2135 908; x_wconf 84' lang='lat' dir='ltr'><strong>invenitur:</strong></span> <span class='ocrx_word' id='word_1_44' title='bbox 2179 840 2470 905; x_wconf 65' lang='lat' dir='ltr'><strong>kannadu</strong></span> <span class='ocrx_word' id='word_1_45' title='bbox 2501 840 2921 925; x_wconf 88' lang='lat' dir='ltr'><strong>(permittere;</strong></span> <span class='ocrx_word' id='word_1_46' title='bbox 2966 843 3176 926; x_wconf 53' lang='lat' dir='ltr'><strong>hauh,</strong></span> 
     </span>
     <span class='ocr_line' id='line_1_6' title="bbox 245 939 3176 1032; baseline 0 -22"><span class='ocrx_word' id='word_1_47' title='bbox 245 945 450 1010; x_wconf 70' lang='lat' dir='ltr'><strong>kann·</strong></span> <span class='ocrx_word' id='word_1_48' title='bbox 489 975 558 1000; x_wconf 90' lang='lat'>=</span> <span class='ocrx_word' id='word_1_49' title='bbox 591 943 830 1030; x_wconf 49' lang='lat' dir='ltr'><strong>kanb),</strong></span> <span class='ocrx_word' id='word_1_50' title='bbox 873 945 1225 1031; x_wconf 65' lang='lat' dir='ltr'><strong>kanbadaf,</strong></span> <span class='ocrx_word' id='word_1_51' title='bbox 1274 946 1584 1032; x_wconf 71' lang='lat' dir='ltr'><strong>kennltedy</strong></span> <span class='ocrx_word' id='word_1_52' title='bbox 1635 945 2001 1030; x_wconf 76' lang='lat' dir='ltr'><strong>(permitto,</strong></span> <span class='ocrx_word' id='word_1_53' title='bbox 2057 939 2429 1026; x_wconf 75' lang='lat' dir='ltr'>permittis),</span> <span class='ocrx_word' id='word_1_54' title='bbox 2500 941 2723 1004; x_wconf 76' lang='lat' dir='ltr'><strong>kennat</strong></span> <span class='ocrx_word' id='word_1_55' title='bbox 2775 941 3176 1028; x_wconf 81' lang='lat' dir='ltr'>(permissio)</span> 
     </span>
     <span class='ocr_line' id='line_1_7' title="bbox 237 1041 3171 1132; baseline -0.001 -20"><span class='ocrx_word' id='word_1_56' title='bbox 237 1047 418 1114; x_wconf 75' lang='lat' dir='ltr'><strong>Mab.</strong></span> <span class='ocrx_word' id='word_1_57' title='bbox 473 1050 528 1129; x_wconf 87' lang='lat'><strong>1,</strong></span> <span class='ocrx_word' id='word_1_58' title='bbox 579 1049 681 1112; x_wconf 91' lang='lat'><strong>21.</strong></span> <span class='ocrx_word' id='word_1_59' title='bbox 727 1048 798 1128; x_wconf 87' lang='lat'><strong>2,</strong></span> <span class='ocrx_word' id='word_1_60' title='bbox 845 1051 904 1111; x_wconf 94' lang='grc'><strong>7.</strong></span> <span class='ocrx_word' id='word_1_61' title='bbox 948 1048 1066 1127; x_wconf 76' lang='lat'><strong>453</strong></span> <span class='ocrx_word' id='word_1_62' title='bbox 1114 1046 1399 1132; x_wconf 87' lang='lat' dir='ltr'><strong>decomp.</strong></span> <span class='ocrx_word' id='word_1_63' title='bbox 1485 1045 1921 1131; x_wconf 71' lang='lat' dir='ltr'><strong>kanlzymdeith</strong></span> <span class='ocrx_word' id='word_1_64' title='bbox 1964 1041 2420 1127; x_wconf 85' lang='lat' dir='ltr'><strong>(consuetudo)</strong></span> <span class='ocrx_word' id='word_1_65' title='bbox 2470 1045 2535 1122; x_wconf 87' lang='lat'><strong>1,</strong></span> <span class='ocrx_word' id='word_1_66' title='bbox 2583 1043 2683 1105; x_wconf 82' lang='lat'><strong>27.</strong></span> <span class='ocrx_word' id='word_1_67' title='bbox 2781 1046 3171 1128; x_wconf 70' lang='lat' dir='ltr'><strong>quanlyn0‚</strong></span> 
     </span>
     <span class='ocr_line' id='line_1_8' title="bbox 231 1142 3173 1234; baseline -0.001 -22"><span class='ocrx_word' id='word_1_68' title='bbox 231 1148 831 1234; x_wconf 69' lang='lat' dir='ltr'><strong>ymkanlynnassant</strong></span> <span class='ocrx_word' id='word_1_69' title='bbox 874 1147 984 1231; x_wconf 86' lang='lat' dir='ltr'><strong>(cf.</strong></span> <span class='ocrx_word' id='word_1_70' title='bbox 1029 1147 1196 1212; x_wconf 76' lang='lat' dir='ltr'><strong>infra</strong></span> <span class='ocrx_word' id='word_1_71' title='bbox 1236 1148 1522 1234; x_wconf 58' lang='grc' dir='ltr'><strong>απτ-σω).</strong></span> <span class='ocrx_word' id='word_1_72' title='bbox 1607 1146 1859 1212; x_wconf 85' lang='lat' dir='ltr'><strong>Mutata</strong></span> <span class='ocrx_word' id='word_1_73' title='bbox 1900 1143 2111 1210; x_wconf 81' lang='lat' dir='ltr'><strong>vocali</strong></span> <span class='ocrx_word' id='word_1_74' title='bbox 2152 1142 2417 1208; x_wconf 75' lang='lat' dir='ltr'><strong>forsitan</strong></span> <span class='ocrx_word' id='word_1_75' title='bbox 2443 1142 2567 1208; x_wconf 88' lang='lat' dir='ltr'><strong>huc</strong></span> <span class='ocrx_word' id='word_1_76' title='bbox 2594 1143 2910 1228; x_wconf 83' lang='lat' dir='ltr'><strong>pertineat</strong></span> <span class='ocrx_word' id='word_1_77' title='bbox 2938 1148 3173 1211; x_wconf 89' lang='lat' dir='ltr'><strong>cambr.</strong></span> 
     </span>
     <span class='ocr_line' id='line_1_9' title="bbox 234 1243 3177 1335; baseline -0.001 -21"><span class='ocrx_word' id='word_1_78' title='bbox 234 1258 362 1314; x_wconf 81' lang='lat' dir='ltr'><strong>vet.</strong></span> <span class='ocrx_word' id='word_1_79' title='bbox 397 1249 692 1314; x_wconf 74' lang='lat' dir='ltr'><strong>cuntullet</strong></span> <span class='ocrx_word' id='word_1_80' title='bbox 733 1248 848 1334; x_wconf 86' lang='lat' dir='ltr'><strong>(gl.</strong></span> <span class='ocrx_word' id='word_1_81' title='bbox 891 1249 1214 1335; x_wconf 80' lang='lat' dir='ltr'><strong>collegio),</strong></span> <span class='ocrx_word' id='word_1_82' title='bbox 1259 1251 1616 1314; x_wconf 74' lang='lat' dir='ltr'><strong>cuntezletou</strong></span> <span class='ocrx_word' id='word_1_83' title='bbox 1661 1249 1776 1334; x_wconf 84' lang='lat' dir='ltr'><strong>(gl.</strong></span> <span class='ocrx_word' id='word_1_84' title='bbox 1823 1244 2125 1331; x_wconf 80' lang='lat' dir='ltr'><strong>collegia)</strong></span> <span class='ocrx_word' id='word_1_85' title='bbox 2169 1243 2255 1329; x_wconf 83' lang='lat' dir='ltr'><strong>gl.</strong></span> <span class='ocrx_word' id='word_1_86' title='bbox 2296 1243 2480 1325; x_wconf 85' lang='lat' dir='ltr'><strong>be.,</strong></span> <span class='ocrx_word' id='word_1_87' title='bbox 2529 1266 2671 1310; x_wconf 90' lang='lat' dir='ltr'><strong>cum</strong></span> <span class='ocrx_word' id='word_1_88' title='bbox 2715 1269 2755 1308; x_wconf 80' lang='lat' dir='ltr'><strong>u</strong></span> <span class='ocrx_word' id='word_1_89' title='bbox 2802 1267 2965 1330; x_wconf 82' lang='lat' dir='ltr'><strong>quae</strong></span> <span class='ocrx_word' id='word_1_90' title='bbox 3010 1247 3177 1311; x_wconf 90' lang='lat' dir='ltr'><strong>redit</strong></span> 
     </span>
     <span class='ocr_line' id='line_1_10' title="bbox 233 1343 3173 1436; baseline -0.002 -21"><span class='ocrx_word' id='word_1_91' title='bbox 233 1351 302 1416; x_wconf 92' lang='lat' dir='ltr'><strong>in</strong></span> <span class='ocrx_word' id='word_1_92' title='bbox 343 1351 572 1417; x_wconf 87' lang='lat' dir='ltr'><strong>formis</strong></span> <span class='ocrx_word' id='word_1_93' title='bbox 622 1349 932 1416; x_wconf 66' lang='lat' dir='ltr'><strong>cornicis:</strong></span> <span class='ocrx_word' id='word_1_94' title='bbox 999 1349 1278 1415; x_wconf 79' lang='lat' dir='ltr'><strong>cuntelIet</strong></span> <span class='ocrx_word' id='word_1_95' title='bbox 1321 1347 1436 1436; x_wconf 92' lang='grc'><strong>(31.</strong></span> <span class='ocrx_word' id='word_1_96' title='bbox 1483 1348 1920 1436; x_wconf 80' lang='lat' dir='ltr'><strong>congregatio,</strong></span> <span class='ocrx_word' id='word_1_97' title='bbox 1982 1344 2227 1428; x_wconf 90' lang='lat' dir='ltr'><strong>contio)</strong></span> <span class='ocrx_word' id='word_1_98' title='bbox 2270 1343 2429 1410; x_wconf 87' lang='lat' dir='ltr'><strong>Voc.</strong></span> <span class='ocrx_word' id='word_1_99' title='bbox 2477 1346 2555 1410; x_wconf 67' lang='lat'><strong>7⁵.</strong></span> <span class='ocrx_word' id='word_1_100' title='bbox 2644 1346 2946 1430; x_wconf 68' lang='lat' dir='ltr'><strong>wnmllys</strong></span> <span class='ocrx_word' id='word_1_101' title='bbox 2988 1347 3173 1430; x_wconf 89' lang='lat' dir='ltr'><strong>(con-</strong></span> 
     </span>
     <span class='ocr_line' id='line_1_11' title="bbox 232 1445 3169 1539; baseline -0.002 -22"><span class='ocrx_word' id='word_1_102' title='bbox 232 1453 574 1539; x_wconf 79' lang='lat' dir='ltr'><strong>gregatus)</strong></span> <span class='ocrx_word' id='word_1_103' title='bbox 618 1451 694 1517; x_wconf 92' lang='lat' dir='ltr'><strong>P.</strong></span> <span class='ocrx_word' id='word_1_104' title='bbox 739 1453 850 1533; x_wconf 87' lang='lat'><strong>88,</strong></span> <span class='ocrx_word' id='word_1_105' title='bbox 897 1453 956 1516; x_wconf 88' lang='lat'><strong>4.</strong></span> <span class='ocrx_word' id='word_1_106' title='bbox 1003 1453 1115 1532; x_wconf 93' lang='grc'><strong>92,</strong></span> <span class='ocrx_word' id='word_1_107' title='bbox 1163 1451 1220 1518; x_wconf 90' lang='grc'><strong>2.</strong></span> <span class='ocrx_word' id='word_1_108' title='bbox 1293 1474 1388 1516; x_wconf 76' lang='lat' dir='ltr'><strong>‘me</strong></span> <span class='ocrx_word' id='word_1_109' title='bbox 1432 1476 1473 1516; x_wconf 88' lang='lat' dir='ltr'><strong>a</strong></span> <span class='ocrx_word' id='word_1_110' title='bbox 1510 1451 1744 1538; x_wconf 61' lang='lat' dir='ltr'><strong>mantell</strong></span> <span class='ocrx_word' id='word_1_111' title='bbox 1784 1447 2173 1535; x_wconf 85' lang='lat' dir='ltr'><strong>(colligam),</strong></span> <span class='ocrx_word' id='word_1_112' title='bbox 2230 1447 2453 1511; x_wconf 65' lang='lat' dir='ltr'><strong>cancell</strong></span> <span class='ocrx_word' id='word_1_113' title='bbox 2494 1445 2786 1531; x_wconf 83' lang='lat' dir='ltr'><strong>(collige)</strong></span> <span class='ocrx_word' id='word_1_114' title='bbox 2830 1445 2937 1512; x_wconf 87' lang='lat' dir='ltr'><strong>Cr.</strong></span> <span class='ocrx_word' id='word_1_115' title='bbox 2988 1449 3169 1512; x_wconf 88' lang='lat'>1091.</span> 
     </span>
     <span class='ocr_line' id='line_1_12' title="bbox 237 1546 3169 1638; baseline -0.001 -22"><span class='ocrx_word' id='word_1_116' title='bbox 237 1553 436 1634; x_wconf 83' lang='lat'><strong>12933</strong></span> <span class='ocrx_word' id='word_1_117' title='bbox 487 1553 604 1620; x_wconf 80' lang='lat' dir='ltr'><strong>sed</strong></span> <span class='ocrx_word' id='word_1_118' title='bbox 647 1554 882 1620; x_wconf 85' lang='lat' dir='ltr'><strong>cambr.</strong></span> <span class='ocrx_word' id='word_1_119' title='bbox 913 1574 1040 1618; x_wconf 90' lang='lat' dir='ltr'><strong>rec.</strong></span> <span class='ocrx_word' id='word_1_120' title='bbox 1087 1552 1440 1638; x_wconf 75' lang='lat' dir='ltr'><strong>kynnullaw</strong></span> <span class='ocrx_word' id='word_1_121' title='bbox 1483 1551 1836 1637; x_wconf 79' lang='lat' dir='ltr'><strong>(colligere,</strong></span> <span class='ocrx_word' id='word_1_122' title='bbox 1881 1549 2137 1632; x_wconf 82' lang='lat' dir='ltr'><strong>afferre)</strong></span> <span class='ocrx_word' id='word_1_123' title='bbox 2182 1546 2355 1613; x_wconf 78' lang='lat' dir='ltr'><strong>Mab.</strong></span> <span class='ocrx_word' id='word_1_124' title='bbox 2406 1551 2459 1627; x_wconf 84' lang='lat'><strong>1,</strong></span> <span class='ocrx_word' id='word_1_125' title='bbox 2494 1548 2635 1627; x_wconf 86' lang='grc'><strong>236,</strong></span> <span class='ocrx_word' id='word_1_126' title='bbox 2681 1546 2823 1613; x_wconf 89' lang='lat' dir='ltr'><strong>hod.</strong></span> <span class='ocrx_word' id='word_1_127' title='bbox 2900 1551 3169 1632; x_wconf 60' lang='grc' dir='ltr'><strong>σμηπιιὶἱ,</strong></span> 
     </span>
     <span class='ocr_line' id='line_1_13' title="bbox 231 1648 3167 1742; baseline -0.002 -22"><span class='ocrx_word' id='word_1_128' title='bbox 231 1654 538 1740; x_wconf 86' lang='lat' dir='ltr'><strong>colligere</strong></span> <span class='ocrx_word' id='word_1_129' title='bbox 591 1655 916 1742; x_wconf 64' lang='lat' dir='ltr'><strong>(cynabull</strong></span> <span class='ocrx_word' id='word_1_130' title='bbox 964 1654 1130 1720; x_wconf 77' lang='lat' dir='ltr'><strong>Dav.</strong></span> <span class='ocrx_word' id='word_1_131' title='bbox 1186 1651 1466 1720; x_wconf 82' lang='lat' dir='ltr'><strong>Gramm.</strong></span> <span class='ocrx_word' id='word_1_132' title='bbox 1514 1676 1574 1740; x_wconf 90' lang='lat' dir='ltr'><strong>p.</strong></span> <span class='ocrx_word' id='word_1_133' title='bbox 1623 1652 1799 1737; x_wconf 87' lang='grc'><strong>147),</strong></span> <span class='ocrx_word' id='word_1_134' title='bbox 1845 1650 2013 1718; x_wconf 90' lang='lat' dir='ltr'><strong>unde</strong></span> <span class='ocrx_word' id='word_1_135' title='bbox 2056 1649 2257 1716; x_wconf 86' lang='lat' dir='ltr'><strong>subst.</strong></span> <span class='ocrx_word' id='word_1_136' title='bbox 2304 1648 2681 1733; x_wconf 47' lang='lat' dir='ltr'><strong>eynnulliass</strong></span> <span class='ocrx_word' id='word_1_137' title='bbox 2726 1649 3167 1732; x_wconf 71' lang='lat' dir='ltr'><strong>cynnulleidfa.</strong></span> 
     </span>
     <span class='ocr_line' id='line_1_14' title="bbox 228 1749 3170 1842; baseline -0.003 -22"><span class='ocrx_word' id='word_1_138' title='bbox 228 1754 604 1842; x_wconf 84' lang='lat' dir='ltr'><strong>Eademque</strong></span> <span class='ocrx_word' id='word_1_139' title='bbox 640 1755 842 1822; x_wconf 87' lang='lat' dir='ltr'><strong>forma</strong></span> <span class='ocrx_word' id='word_1_140' title='bbox 881 1755 1134 1822; x_wconf 78' lang='lat' dir='ltr'><strong>videtur</strong></span> <span class='ocrx_word' id='word_1_141' title='bbox 1165 1755 1515 1822; x_wconf 75' lang='lat' dir='ltr'><strong>,subiacere</strong></span> <span class='ocrx_word' id='word_1_142' title='bbox 1558 1751 1927 1820; x_wconf 77' lang='lat' dir='ltr'><strong>aremoricis</strong></span> <span class='ocrx_word' id='word_1_143' title='bbox 1970 1751 2237 1817; x_wconf 81' lang='lat' dir='ltr'><strong>vocibus</strong></span> <span class='ocrx_word' id='word_1_144' title='bbox 2293 1749 2565 1815; x_wconf 84' lang='lat' dir='ltr'><strong>vetustis</strong></span> <span class='ocrx_word' id='word_1_145' title='bbox 2608 1760 2867 1834; x_wconf 69' lang='grc' dir='ltr'><strong>σωηροι,</strong></span> <span class='ocrx_word' id='word_1_146' title='bbox 2930 1749 3170 1834; x_wconf 80' lang='lat' dir='ltr'><strong>kemper</strong></span> 
     </span>
     <span class='ocr_line' id='line_1_15' title="bbox 229 1857 1406 1944; baseline 0.002 -23"><span class='ocrx_word' id='word_1_147' title='bbox 229 1878 344 1940; x_wconf 90' lang='lat' dir='ltr'><strong>pro</strong></span> <span class='ocrx_word' id='word_1_148' title='bbox 389 1857 639 1940; x_wconf 78' lang='lat' dir='ltr'><strong>combot,</strong></span> <span class='ocrx_word' id='word_1_149' title='bbox 685 1857 919 1923; x_wconf 69' lang='lat' dir='ltr'><strong>camber</strong></span> <span class='ocrx_word' id='word_1_150' title='bbox 961 1857 1054 1944; x_wconf 88' lang='lat' dir='ltr'><strong>(p.</strong></span> <span class='ocrx_word' id='word_1_151' title='bbox 1107 1858 1278 1940; x_wconf 91' lang='grc'><strong>192).</strong></span> <span class='ocrx_word' id='word_1_152' title='bbox 1399 1897 1406 1904; x_wconf 94' lang='grc'>-</span> 
     </span>
    </p>

    <p class='ocr_par' dir='ltr' id='par_1_4' title="bbox 222 1955 3165 2736">
     <span class='ocr_line' id='line_1_16' title="bbox 395 1955 3164 2046; baseline -0 -23"><span class='ocrx_word' id='word_1_153' title='bbox 395 1955 698 2044; x_wconf 88' lang='lat' dir='ltr'><strong>Denique</strong></span> <span class='ocrx_word' id='word_1_154' title='bbox 739 1959 944 2046; x_wconf 84' lang='lat' dir='ltr'><strong>magis</strong></span> <span class='ocrx_word' id='word_1_155' title='bbox 988 1959 1114 2025; x_wconf 90' lang='lat' dir='ltr'><strong>huc</strong></span> <span class='ocrx_word' id='word_1_156' title='bbox 1142 1981 1330 2046; x_wconf 88' lang='lat' dir='ltr'><strong>quam</strong></span> <span class='ocrx_word' id='word_1_157' title='bbox 1360 1959 1442 2025; x_wconf 89' lang='lat' dir='ltr'><strong>ad</strong></span> <span class='ocrx_word' id='word_1_158' title='bbox 1471 1960 1735 2024; x_wconf 83' lang='lat' dir='ltr'><strong>formam</strong></span> <span class='ocrx_word' id='word_1_159' title='bbox 1777 1979 1921 2022; x_wconf 81' lang='lat' dir='ltr'><strong>con·</strong></span> <span class='ocrx_word' id='word_1_160' title='bbox 1964 1957 2260 2024; x_wconf 85' lang='lat' dir='ltr'><strong>videntur</strong></span> <span class='ocrx_word' id='word_1_161' title='bbox 2302 1956 2633 2022; x_wconf 84' lang='lat' dir='ltr'><strong>referenda</strong></span> <span class='ocrx_word' id='word_1_162' title='bbox 2676 1960 2955 2024; x_wconf 87' lang='lat' dir='ltr'><strong>cambr.</strong></span> <span class='ocrx_word' id='word_1_163' title='bbox 3002 1983 3164 2046; x_wconf 43' lang='grc' dir='ltr'><strong>εμπ-3</strong></span> 
     </span>
     <span class='ocr_line' id='line_1_17' title="bbox 227 2057 3165 2146; baseline 0.002 -24"><span class='ocrx_word' id='word_1_164' title='bbox 227 2081 418 2144; x_wconf 77' lang='lat' dir='ltr'><strong>cynn-</strong></span> <span class='ocrx_word' id='word_1_165' title='bbox 460 2059 758 2126; x_wconf 88' lang='lat' dir='ltr'><strong>inficiens</strong></span> <span class='ocrx_word' id='word_1_166' title='bbox 815 2059 884 2125; x_wconf 90' lang='lat' dir='ltr'><strong>in</strong></span> <span class='ocrx_word' id='word_1_167' title='bbox 945 2057 1412 2126; x_wconf 75' lang='lat' dir='ltr'><strong>adiectivorum‘</strong></span> <span class='ocrx_word' id='word_1_168' title='bbox 1453 2061 1671 2128; x_wconf 89' lang='lat' dir='ltr'><strong>formis</strong></span> <span class='ocrx_word' id='word_1_169' title='bbox 1725 2072 1794 2126; x_wconf 89' lang='lat' dir='ltr'><strong>ut</strong></span> <span class='ocrx_word' id='word_1_170' title='bbox 1849 2059 2363 2145; x_wconf 66' lang='lat' dir='ltr'><strong>kynuonlzedicket</strong></span> <span class='ocrx_word' id='word_1_171' title='bbox 2402 2061 2636 2146; x_wconf 88' lang='lat' dir='ltr'><strong>(aeque</strong></span> <span class='ocrx_word' id='word_1_172' title='bbox 2679 2061 2949 2146; x_wconf 89' lang='lat' dir='ltr'><strong>nobilis)</strong></span> <span class='ocrx_word' id='word_1_173' title='bbox 2992 2063 3165 2130; x_wconf 77' lang='lat' dir='ltr'><strong>Mab.</strong></span> 
     </span>
     <span class='ocr_line' id='line_1_18' title="bbox 231 2161 3163 2248; baseline 0.003 -26"><span class='ocrx_word' id='word_1_174' title='bbox 231 2163 283 2242; x_wconf 89' lang='lat'><strong>1,</strong></span> <span class='ocrx_word' id='word_1_175' title='bbox 313 2161 464 2226; x_wconf 88' lang='grc'><strong>264.</strong></span> <span class='ocrx_word' id='word_1_176' title='bbox 508 2161 1032 2248; x_wconf 72' lang='lat' dir='ltr'><strong>kynnyeqaualhet</strong></span> <span class='ocrx_word' id='word_1_177' title='bbox 1055 2163 1289 2248; x_wconf 87' lang='lat' dir='ltr'><strong>(aeque</strong></span> <span class='ocrx_word' id='word_1_178' title='bbox 1322 2162 1667 2247; x_wconf 87' lang='lat' dir='ltr'><strong>iucundus)</strong></span> <span class='ocrx_word' id='word_1_179' title='bbox 1690 2165 1747 2243; x_wconf 88' lang='lat'><strong>2,</strong></span> <span class='ocrx_word' id='word_1_180' title='bbox 1781 2165 1897 2241; x_wconf 76' lang='lat'><strong>353</strong></span> <span class='ocrx_word' id='word_1_181' title='bbox 1943 2182 2144 2226; x_wconf 89' lang='lat' dir='ltr'><strong>corn.</strong></span> <span class='ocrx_word' id='word_1_182' title='bbox 2176 2161 2485 2225; x_wconf 78' lang='lat' dir='ltr'><strong>kentrevek</strong></span> <span class='ocrx_word' id='word_1_183' title='bbox 2513 2162 2826 2248; x_wconf 79' lang='lat' dir='ltr'><strong>(vicinus)</strong></span> <span class='ocrx_word' id='word_1_184' title='bbox 2858 2163 2935 2230; x_wconf 89' lang='lat' dir='ltr'><strong>O.</strong></span> <span class='ocrx_word' id='word_1_185' title='bbox 2970 2167 3163 2246; x_wconf 74' lang='lat'><strong>22313</strong></span> 
     </span>
     <span class='ocr_line' id='line_1_19' title="bbox 224 2263 3163 2351; baseline 0.002 -25"><span class='ocrx_word' id='word_1_186' title='bbox 224 2284 456 2327; x_wconf 88' lang='lat' dir='ltr'><strong>arem.</strong></span> <span class='ocrx_word' id='word_1_187' title='bbox 505 2282 694 2348; x_wconf 76' lang='lat' dir='ltr'><strong>quen-</strong></span> <span class='ocrx_word' id='word_1_188' title='bbox 741 2265 1265 2351; x_wconf 83' lang='lat' dir='ltr'><strong>comparativum,</strong></span> <span class='ocrx_word' id='word_1_189' title='bbox 1313 2275 1635 2331; x_wconf 83' lang='lat' dir='ltr'><strong>servatum</strong></span> <span class='ocrx_word' id='word_1_190' title='bbox 1678 2275 1824 2331; x_wconf 83' lang='lat' dir='ltr'><strong>ante</strong></span> <span class='ocrx_word' id='word_1_191' title='bbox 1870 2263 2215 2350; x_wconf 71' lang='lat' dir='ltr'><strong>quamlibet</strong></span> <span class='ocrx_word' id='word_1_192' title='bbox 2256 2284 2601 2330; x_wconf 87' lang='lat' dir='ltr'><strong>consonam</strong></span> <span class='ocrx_word' id='word_1_193' title='bbox 2646 2263 2822 2348; x_wconf 89' lang='lat' dir='ltr'><strong>(hod.</strong></span> <span class='ocrx_word' id='word_1_194' title='bbox 2868 2267 2997 2348; x_wconf 75' lang='lat' dir='ltr'><strong>ken,</strong></span> <span class='ocrx_word' id='word_1_195' title='bbox 3040 2268 3163 2350; x_wconf 83' lang='lat' dir='ltr'><strong>ker,</strong></span> 
     </span>
     <span class='ocr_line' id='line_1_20' title="bbox 222 2362 3161 2455; baseline 0.003 -29"><span class='ocrx_word' id='word_1_196' title='bbox 222 2362 330 2445; x_wconf 75' lang='lat' dir='ltr'><strong>leel,</strong></span> <span class='ocrx_word' id='word_1_197' title='bbox 381 2365 607 2430; x_wconf 84' lang='lat' dir='ltr'><strong>eadem</strong></span> <span class='ocrx_word' id='word_1_198' title='bbox 638 2365 980 2432; x_wconf 85' lang='lat' dir='ltr'><strong>formarum</strong></span> <span class='ocrx_word' id='word_1_199' title='bbox 1011 2366 1372 2432; x_wconf 83' lang='lat' dir='ltr'><strong>differentia</strong></span> <span class='ocrx_word' id='word_1_200' title='bbox 1399 2390 1526 2454; x_wconf 88' lang='lat' dir='ltr'><strong>qua</strong></span> <span class='ocrx_word' id='word_1_201' title='bbox 1553 2367 1858 2434; x_wconf 76' lang='lat' dir='ltr'><strong>articulus</strong></span> <span class='ocrx_word' id='word_1_202' title='bbox 1890 2375 1954 2430; x_wconf 93' lang='lat' dir='ltr'><strong>et</strong></span> <span class='ocrx_word' id='word_1_203' title='bbox 1979 2388 2160 2452; x_wconf 87' lang='lat' dir='ltr'><strong>prou.</strong></span> <span class='ocrx_word' id='word_1_204' title='bbox 2192 2387 2367 2452; x_wconf 86' lang='lat' dir='ltr'><strong>poss.</strong></span> <span class='ocrx_word' id='word_1_205' title='bbox 2406 2368 2457 2430; x_wconf 92' lang='grc'><strong>1.</strong></span> <span class='ocrx_word' id='word_1_206' title='bbox 2491 2388 2657 2452; x_wconf 88' lang='lat' dir='ltr'><strong>pers.</strong></span> <span class='ocrx_word' id='word_1_207' title='bbox 2688 2367 2849 2452; x_wconf 88' lang='lat' dir='ltr'><strong>plur.</strong></span> <span class='ocrx_word' id='word_1_208' title='bbox 2879 2391 2987 2455; x_wconf 85' lang='lat' dir='ltr'><strong>pp.</strong></span> <span class='ocrx_word' id='word_1_209' title='bbox 3020 2372 3161 2435; x_wconf 90' lang='grc'><strong>217.</strong></span> 
     </span>
     <span class='ocr_line' id='line_1_21' title="bbox 223 2464 3159 2556; baseline 0.003 -27"><span class='ocrx_word' id='word_1_210' title='bbox 223 2464 412 2549; x_wconf 83' lang='lat'><strong>384):</strong></span> <span class='ocrx_word' id='word_1_211' title='bbox 467 2487 626 2552; x_wconf 79' lang='lat' dir='ltr'><strong>quen</strong></span> <span class='ocrx_word' id='word_1_212' title='bbox 670 2466 834 2532; x_wconf 75' lang='lat' dir='ltr'><strong>buon</strong></span> <span class='ocrx_word' id='word_1_213' title='bbox 878 2467 1037 2552; x_wconf 85' lang='lat' dir='ltr'><strong>(tam</strong></span> <span class='ocrx_word' id='word_1_214' title='bbox 1079 2469 1269 2554; x_wconf 83' lang='lat' dir='ltr'><strong>cito),</strong></span> <span class='ocrx_word' id='word_1_215' title='bbox 1317 2471 1590 2555; x_wconf 77' lang='lat' dir='ltr'><strong>quenliez</strong></span> <span class='ocrx_word' id='word_1_216' title='bbox 1626 2491 1778 2556; x_wconf 60' lang='grc' dir='ltr'><strong>θυαε</strong></span> <span class='ocrx_word' id='word_1_217' title='bbox 1825 2467 2427 2554; x_wconf 88' lang='lat' dir='ltr'><strong>(quotiescunque),</strong></span> <span class='ocrx_word' id='word_1_218' title='bbox 2482 2471 2723 2552; x_wconf 77' lang='lat' dir='ltr'><strong>quentiz</strong></span> <span class='ocrx_word' id='word_1_219' title='bbox 2779 2470 3159 2555; x_wconf 87' lang='lat' dir='ltr'><strong>(confestim,</strong></span> 
     </span>
     <span class='ocr_line' id='line_1_22' title="bbox 222 2563 3161 2660; baseline 0.002 -28"><span class='ocrx_word' id='word_1_220' title='bbox 222 2569 546 2652; x_wconf 85' lang='lat' dir='ltr'><strong>protinus3</strong></span> <span class='ocrx_word' id='word_1_221' title='bbox 619 2569 765 2640; x_wconf 85' lang='lat' dir='ltr'><strong>hod.</strong></span> <span class='ocrx_word' id='word_1_222' title='bbox 821 2569 1043 2652; x_wconf 59' lang='lat' dir='ltr'><strong>leorae,</strong></span> <span class='ocrx_word' id='word_1_223' title='bbox 1108 2593 1250 2636; x_wconf 85' lang='lat' dir='ltr'><strong>ven.</strong></span> <span class='ocrx_word' id='word_1_224' title='bbox 1309 2571 1597 2658; x_wconf 74' lang='lat' dir='ltr'><strong>kentec’k)</strong></span> <span class='ocrx_word' id='word_1_225' title='bbox 1641 2569 1828 2638; x_wconf 84' lang='lat' dir='ltr'><strong>Cath.</strong></span> <span class='ocrx_word' id='word_1_226' title='bbox 1892 2591 2035 2636; x_wconf 90' lang='lat' dir='ltr'><strong>cum</strong></span> <span class='ocrx_word' id='word_1_227' title='bbox 2094 2568 2546 2656; x_wconf 88' lang='lat' dir='ltr'><strong>decompositis</strong></span> <span class='ocrx_word' id='word_1_228' title='bbox 2600 2563 2795 2658; x_wconf 72' lang='lat' dir='ltr'><strong>s&#39;upra</strong></span> <span class='ocrx_word' id='word_1_229' title='bbox 2848 2573 2940 2658; x_wconf 88' lang='lat' dir='ltr'><strong>(p.</strong></span> <span class='ocrx_word' id='word_1_230' title='bbox 3004 2576 3161 2660; x_wconf 90' lang='grc'><strong>401)</strong></span> 
     </span>
     <span class='ocr_line' id='line_1_23' title="bbox 222 2668 456 2736; baseline -0.004 0"><span class='ocrx_word' id='word_1_231' title='bbox 222 2668 456 2736; x_wconf 84' lang='lat' dir='ltr'><strong>allatis.</strong></span> 
     </span>
    </p>

    <p class='ocr_par' dir='ltr' id='par_1_5' title="bbox 227 2770 3161 2962">
     <span class='ocr_line' id='line_1_24' title="bbox 388 2770 3161 2865; baseline 0.002 -28"><span class='ocrx_word' id='word_1_232' title='bbox 388 2770 736 2840; x_wconf 82' lang='lat' dir='ltr'><strong>Praeterea</strong></span> <span class='ocrx_word' id='word_1_233' title='bbox 760 2773 950 2839; x_wconf 89' lang='lat' dir='ltr'><strong>huius</strong></span> <span class='ocrx_word' id='word_1_234' title='bbox 979 2775 1477 2865; x_wconf 82' lang='lat' dir='ltr'><strong>praepositionis</strong></span> <span class='ocrx_word' id='word_1_235' title='bbox 1509 2785 1724 2862; x_wconf 88' lang='lat' dir='ltr'><strong>partes</strong></span> <span class='ocrx_word' id='word_1_236' title='bbox 1771 2775 2135 2860; x_wconf 87' lang='lat' dir='ltr'><strong>suscipiunt</strong></span> <span class='ocrx_word' id='word_1_237' title='bbox 2172 2772 2409 2839; x_wconf 81' lang='lat' dir='ltr'><strong>formae</strong></span> <span class='ocrx_word' id='word_1_238' title='bbox 2454 2775 2669 2840; x_wconf 84' lang='lat' dir='ltr'><strong>variae</strong></span> <span class='ocrx_word' id='word_1_239' title='bbox 2716 2776 2905 2842; x_wconf 87' lang='lat' dir='ltr'><strong>etiam</strong></span> <span class='ocrx_word' id='word_1_240' title='bbox 2945 2776 3161 2864; x_wconf 86' lang='lat' dir='ltr'><strong>plures</strong></span> 
     </span>
     <span class='ocr_line' id='line_1_25' title="bbox 227 2873 3037 2962; baseline 0 -22"><span class='ocrx_word' id='word_1_241' title='bbox 227 2897 424 2961; x_wconf 88' lang='lat' dir='ltr'><strong>quam</strong></span> <span class='ocrx_word' id='word_1_242' title='bbox 465 2873 869 2956; x_wconf 76' lang='lat' dir='ltr'><strong>hibernicae,</strong></span> <span class='ocrx_word' id='word_1_243' title='bbox 929 2875 1296 2943; x_wconf 75' lang='lat' dir='ltr'><strong>desinentes</strong></span> <span class='ocrx_word' id='word_1_244' title='bbox 1339 2886 1451 2942; x_wconf 88' lang='lat' dir='ltr'><strong>aut</strong></span> <span class='ocrx_word' id='word_1_245' title='bbox 1490 2877 1558 2941; x_wconf 90' lang='lat' dir='ltr'><strong>in</strong></span> <span class='ocrx_word' id='word_1_246' title='bbox 1601 2875 1893 2943; x_wconf 75' lang='lat' dir='ltr'><strong>vocalem</strong></span> <span class='ocrx_word' id='word_1_247' title='bbox 1935 2876 2001 2962; x_wconf 92' lang='grc' dir='ltr'><strong>(ο</strong></span> <span class='ocrx_word' id='word_1_248' title='bbox 2043 2875 2149 2941; x_wconf 81' lang='lat' dir='ltr'><strong>vel</strong></span> <span class='ocrx_word' id='word_1_249' title='bbox 2192 2901 2251 2956; x_wconf 87' lang='lat' dir='ltr'><strong>a,</strong></span> <span class='ocrx_word' id='word_1_250' title='bbox 2296 2897 2345 2953; x_wconf 82' lang='lat' dir='ltr'><strong>e,</strong></span> <span class='ocrx_word' id='word_1_251' title='bbox 2383 2876 2457 2961; x_wconf 79' lang='lat' dir='ltr'><strong>y)</strong></span> <span class='ocrx_word' id='word_1_252' title='bbox 2502 2888 2613 2942; x_wconf 87' lang='lat' dir='ltr'><strong>aut</strong></span> <span class='ocrx_word' id='word_1_253' title='bbox 2652 2878 2723 2942; x_wconf 91' lang='lat' dir='ltr'><strong>in</strong></span> <span class='ocrx_word' id='word_1_254' title='bbox 2764 2902 2828 2958; x_wconf 77' lang='lat' dir='ltr'><strong>n,</strong></span> <span class='ocrx_word' id='word_1_255' title='bbox 2874 2899 2955 2956; x_wconf 85' lang='lat' dir='ltr'><strong>m,</strong></span> <span class='ocrx_word' id='word_1_256' title='bbox 2998 2890 3037 2941; x_wconf 76' lang='lat' dir='ltr'><strong>t.</strong></span> 
     </span>
    </p>

    <p class='ocr_par' dir='ltr' id='par_1_6' title="bbox 201 2974 3165 4686">
     <span class='ocr_line' id='line_1_26' title="bbox 401 2974 3165 3063; baseline 0.001 -20"><span class='ocrx_word' id='word_1_257' title='bbox 401 2975 588 3043; x_wconf 82' lang='lat' dir='ltr'><strong>GON</strong></span> <span class='ocrx_word' id='word_1_258' title='bbox 632 2974 830 3061; x_wconf 62' lang='lat' dir='ltr'><strong>(eam,</strong></span> <span class='ocrx_word' id='word_1_259' title='bbox 863 2998 1000 3042; x_wconf 73' lang='lat' dir='ltr'><strong>cen-</strong></span> <span class='ocrx_word' id='word_1_260' title='bbox 1006 3023 1026 3060; x_wconf 90' lang='grc'><strong>,</strong></span> <span class='ocrx_word' id='word_1_261' title='bbox 1058 3000 1226 3063; x_wconf 57' lang='lat' dir='ltr'><strong>aym,</strong></span> <span class='ocrx_word' id='word_1_262' title='bbox 1257 2989 1406 3045; x_wconf 88' lang='lat' dir='ltr'><strong>ante</strong></span> <span class='ocrx_word' id='word_1_263' title='bbox 1434 2978 1702 3044; x_wconf 66' lang='lat' dir='ltr'><strong>labis-les</strong></span> <span class='ocrx_word' id='word_1_264' title='bbox 1731 2999 1917 3058; x_wconf 81' lang='lat' dir='ltr'><strong>cam-‚</strong></span> <span class='ocrx_word' id='word_1_265' title='bbox 1950 2999 2101 3040; x_wconf 86' lang='lat' dir='ltr'><strong>cem·</strong></span> <span class='ocrx_word' id='word_1_266' title='bbox 2108 2977 2353 3062; x_wconf 78' lang='lat' dir='ltr'><strong>,oym-)</strong></span> <span class='ocrx_word' id='word_1_267' title='bbox 2400 2987 2544 3044; x_wconf 90' lang='lat' dir='ltr'><strong>ante</strong></span> <span class='ocrx_word' id='word_1_268' title='bbox 2576 2999 2893 3046; x_wconf 84' lang='lat' dir='ltr'><strong>consonas</strong></span> <span class='ocrx_word' id='word_1_269' title='bbox 2922 2980 3165 3046; x_wconf 84' lang='lat' dir='ltr'><strong>medias</strong></span> 
     </span>
     <span class='ocr_line' id='line_1_27' title="bbox 225 3078 3163 3193; baseline 0.001 -48"><span class='ocrx_word' id='word_1_270' title='bbox 225 3089 288 3145; x_wconf 91' lang='lat' dir='ltr'><strong>et</strong></span> <span class='ocrx_word' id='word_1_271' title='bbox 321 3089 554 3144; x_wconf 86' lang='lat' dir='ltr'><strong>tenues</strong></span> <span class='ocrx_word' id='word_1_272' title='bbox 583 3079 1002 3164; x_wconf 85' lang='lat' dir='ltr'><strong>potissimum.</strong></span> <span class='ocrx_word' id='word_1_273' title='bbox 1047 3078 1429 3165; x_wconf 79' lang='lat' dir='ltr'><strong>Exemplum</strong></span> <span class='ocrx_word' id='word_1_274' title='bbox 1450 3089 1774 3148; x_wconf 84' lang='lat' dir='ltr'><strong>vetustum</strong></span> <span class='ocrx_word' id='word_1_275' title='bbox 1814 3100 1979 3145; x_wconf 90' lang='lat' dir='ltr'><strong>cam</strong></span> <span class='ocrx_word' id='word_1_276' title='bbox 1998 3079 2319 3145; x_wconf 88' lang='lat' dir='ltr'><strong>bricum:</strong></span> <span class='ocrx_word' id='word_1_277' title='bbox 2366 3091 2671 3193; x_wconf 62' lang='lat' dir='ltr'><strong>conyrpyu</strong></span> <span class='ocrx_word' id='word_1_278' title='bbox 2713 3081 2829 3166; x_wconf 91' lang='grc'><strong>(31.</strong></span> <span class='ocrx_word' id='word_1_279' title='bbox 2864 3082 3163 3167; x_wconf 85' lang='lat' dir='ltr'><strong>congelo)</strong></span> 
     </span>
     <span class='ocr_line' id='line_1_28' title="bbox 221 3178 3163 3270; baseline 0.001 -25"><span class='ocrx_word' id='word_1_280' title='bbox 221 3179 306 3266; x_wconf 89' lang='grc'><strong>31.</strong></span> <span class='ocrx_word' id='word_1_281' title='bbox 350 3179 521 3245; x_wconf 86' lang='lat' dir='ltr'><strong>be.</strong></span> <span class='ocrx_word' id='word_1_282' title='bbox 608 3178 692 3246; x_wconf 86' lang='lat' dir='ltr'><strong>In</strong></span> <span class='ocrx_word' id='word_1_283' title='bbox 731 3181 1095 3248; x_wconf 85' lang='lat' dir='ltr'><strong>nominibus</strong></span> <span class='ocrx_word' id='word_1_284' title='bbox 1139 3181 1418 3247; x_wconf 83' lang='lat' dir='ltr'><strong>virorum</strong></span> <span class='ocrx_word' id='word_1_285' title='bbox 1472 3185 1744 3250; x_wconf 81' lang='lat' dir='ltr'><strong>vetustis</strong></span> <span class='ocrx_word' id='word_1_286' title='bbox 1799 3181 2017 3247; x_wconf 77' lang='lat' dir='ltr'><strong>multis</strong></span> <span class='ocrx_word' id='word_1_287' title='bbox 2064 3181 2183 3246; x_wconf 86' lang='lat' dir='ltr'><strong>etsi</strong></span> <span class='ocrx_word' id='word_1_288' title='bbox 2228 3180 2381 3246; x_wconf 87' lang='lat' dir='ltr'><strong>licet</strong></span> <span class='ocrx_word' id='word_1_289' title='bbox 2422 3180 2716 3248; x_wconf 87' lang='lat' dir='ltr'><strong>conicere</strong></span> <span class='ocrx_word' id='word_1_290' title='bbox 2757 3182 2925 3249; x_wconf 86' lang='lat' dir='ltr'><strong>hanc</strong></span> <span class='ocrx_word' id='word_1_291' title='bbox 2966 3185 3163 3270; x_wconf 83' lang='lat' dir='ltr'><strong>parti-</strong></span> 
     </span>
     <span class='ocr_line' id='line_1_29' title="bbox 219 3279 3161 3371; baseline 0.001 -25"><span class='ocrx_word' id='word_1_292' title='bbox 219 3280 450 3362; x_wconf 77' lang='lat' dir='ltr'><strong>culam,</strong></span> <span class='ocrx_word' id='word_1_293' title='bbox 496 3289 570 3345; x_wconf 92' lang='lat' dir='ltr'><strong>ut</strong></span> <span class='ocrx_word' id='word_1_294' title='bbox 609 3281 680 3346; x_wconf 88' lang='lat' dir='ltr'><strong>in</strong></span> <span class='ocrx_word' id='word_1_295' title='bbox 726 3281 966 3346; x_wconf 78' lang='lat' dir='ltr'><strong>Cbncar</strong></span> <span class='ocrx_word' id='word_1_296' title='bbox 1007 3281 1082 3348; x_wconf 90' lang='lat' dir='ltr'><strong>L.</strong></span> <span class='ocrx_word' id='word_1_297' title='bbox 1127 3282 1332 3349; x_wconf 88' lang='lat' dir='ltr'><strong>Land.</strong></span> <span class='ocrx_word' id='word_1_298' title='bbox 1383 3287 1525 3352; x_wconf 88' lang='grc'><strong>180.</strong></span> <span class='ocrx_word' id='word_1_299' title='bbox 1603 3282 1887 3349; x_wconf 77' lang='lat' dir='ltr'><strong>Conteuit</strong></span> <span class='ocrx_word' id='word_1_300' title='bbox 1930 3284 2069 3348; x_wconf 90' lang='grc'><strong>182.</strong></span> <span class='ocrx_word' id='word_1_301' title='bbox 2153 3279 2475 3366; x_wconf 72' lang='grc' dir='ltr'><strong>Οοηρυανε</strong></span> <span class='ocrx_word' id='word_1_302' title='bbox 2520 3282 2660 3348; x_wconf 87' lang='lat'><strong>133.</strong></span> <span class='ocrx_word' id='word_1_303' title='bbox 2750 3283 3161 3371; x_wconf 71' lang='lat' dir='ltr'><strong>Conyuet&#39;tloen</strong></span> 
     </span>
     <span class='ocr_line' id='line_1_30' title="bbox 223 3381 3163 3470; baseline 0.003 -27"><span class='ocrx_word' id='word_1_304' title='bbox 223 3383 362 3462; x_wconf 87' lang='grc'><strong>179,</strong></span> <span class='ocrx_word' id='word_1_305' title='bbox 413 3381 582 3448; x_wconf 89' lang='lat' dir='ltr'><strong>sicut</strong></span> <span class='ocrx_word' id='word_1_306' title='bbox 627 3393 728 3449; x_wconf 87' lang='lat' dir='ltr'><strong>est</strong></span> <span class='ocrx_word' id='word_1_307' title='bbox 777 3383 846 3447; x_wconf 90' lang='lat' dir='ltr'><strong>in</strong></span> <span class='ocrx_word' id='word_1_308' title='bbox 887 3381 1122 3470; x_wconf 86' lang='lat' dir='ltr'><strong>priscis</strong></span> <span class='ocrx_word' id='word_1_309' title='bbox 1167 3385 1418 3470; x_wconf 86' lang='lat' dir='ltr'><strong>gallicis</strong></span> <span class='ocrx_word' id='word_1_310' title='bbox 1464 3384 2029 3465; x_wconf 80' lang='lat' dir='ltr'><strong>Convictolitavis,</strong></span> <span class='ocrx_word' id='word_1_311' title='bbox 2074 3381 2429 3466; x_wconf 84' lang='lat' dir='ltr'><strong>Condrusi,</strong></span> <span class='ocrx_word' id='word_1_312' title='bbox 2478 3383 2941 3468; x_wconf 84' lang='lat' dir='ltr'><strong>Consuanetes‚</strong></span> <span class='ocrx_word' id='word_1_313' title='bbox 2989 3399 3163 3453; x_wconf 85' lang='lat' dir='ltr'><strong>certa</strong></span> 
     </span>
     <span class='ocr_line' id='line_1_31' title="bbox 212 3484 3158 3578; baseline 0.001 -29"><span class='ocrx_word' id='word_1_314' title='bbox 212 3493 436 3549; x_wconf 76' lang='lat' dir='ltr'><strong>tamen</strong></span> <span class='ocrx_word' id='word_1_315' title='bbox 475 3505 609 3550; x_wconf 87' lang='lat' dir='ltr'><strong>non</strong></span> <span class='ocrx_word' id='word_1_316' title='bbox 655 3493 754 3550; x_wconf 85' lang='lat' dir='ltr'><strong>est</strong></span> <span class='ocrx_word' id='word_1_317' title='bbox 807 3485 890 3551; x_wconf 92' lang='lat' dir='ltr'><strong>ob</strong></span> <span class='ocrx_word' id='word_1_318' title='bbox 951 3487 1431 3571; x_wconf 76' lang='lat' dir='ltr'><strong>congruentiam</strong></span> <span class='ocrx_word' id='word_1_319' title='bbox 1487 3507 1629 3553; x_wconf 89' lang='lat' dir='ltr'><strong>cum</strong></span> <span class='ocrx_word' id='word_1_320' title='bbox 1673 3507 1834 3552; x_wconf 76' lang='lat' dir='ltr'><strong>voce</strong></span> <span class='ocrx_word' id='word_1_321' title='bbox 1876 3508 2024 3567; x_wconf 74' lang='lat' dir='ltr'><strong>eun,</strong></span> <span class='ocrx_word' id='word_1_322' title='bbox 2070 3507 2179 3550; x_wconf 76' lang='lat' dir='ltr'><strong>con</strong></span> <span class='ocrx_word' id='word_1_323' title='bbox 2222 3484 2317 3570; x_wconf 90' lang='lat' dir='ltr'><strong>(p.</strong></span> <span class='ocrx_word' id='word_1_324' title='bbox 2363 3485 2495 3578; x_wconf 82' lang='grc'><strong>92),</strong></span> <span class='ocrx_word' id='word_1_325' title='bbox 2540 3507 2703 3572; x_wconf 90' lang='lat' dir='ltr'><strong>quae</strong></span> <span class='ocrx_word' id='word_1_326' title='bbox 2750 3487 2941 3552; x_wconf 85' lang='lat' dir='ltr'><strong>etiam</strong></span> <span class='ocrx_word' id='word_1_327' title='bbox 2984 3498 3158 3573; x_wconf 82' lang='lat' dir='ltr'><strong>post-</strong></span> 
     </span>
     <span class='ocr_line' id='line_1_32' title="bbox 213 3584 3158 3672; baseline 0.002 -21"><span class='ocrx_word' id='word_1_328' title='bbox 213 3584 434 3671; x_wconf 86' lang='lat' dir='ltr'><strong>posita</strong></span> <span class='ocrx_word' id='word_1_329' title='bbox 457 3584 812 3652; x_wconf 83' lang='lat' dir='ltr'><strong>invenitur:</strong></span> <span class='ocrx_word' id='word_1_330' title='bbox 863 3585 1082 3668; x_wconf 76' lang='lat' dir='ltr'><strong>Eleon,</strong></span> <span class='ocrx_word' id='word_1_331' title='bbox 1115 3585 1338 3670; x_wconf 81' lang='lat' dir='ltr'><strong>Eleun,</strong></span> <span class='ocrx_word' id='word_1_332' title='bbox 1373 3589 1648 3670; x_wconf 56' lang='lat' dir='ltr'><strong>Brito-on,</strong></span> <span class='ocrx_word' id='word_1_333' title='bbox 1699 3587 1966 3652; x_wconf 71' lang='lat' dir='ltr'><strong>Bm&#39;tcun</strong></span> <span class='ocrx_word' id='word_1_334' title='bbox 1996 3594 2115 3652; x_wconf 85' lang='lat' dir='ltr'><strong>etc.</strong></span> <span class='ocrx_word' id='word_1_335' title='bbox 2188 3585 2267 3650; x_wconf 89' lang='lat' dir='ltr'><strong>In</strong></span> <span class='ocrx_word' id='word_1_336' title='bbox 2312 3587 2533 3672; x_wconf 78' lang='lat' dir='ltr'><strong>lingua</strong></span> <span class='ocrx_word' id='word_1_337' title='bbox 2575 3589 2893 3655; x_wconf 85' lang='lat' dir='ltr'><strong>cambrica</strong></span> <span class='ocrx_word' id='word_1_338' title='bbox 2933 3610 3158 3656; x_wconf 89' lang='lat' dir='ltr'><strong>recen-</strong></span> 
     </span>
     <span class='ocr_line' id='line_1_33' title="bbox 210 3687 3158 3775; baseline 0.002 -25"><span class='ocrx_word' id='word_1_339' title='bbox 210 3687 377 3753; x_wconf 74' lang='lat' dir='ltr'><strong>n&#39;ore</strong></span> <span class='ocrx_word' id='word_1_340' title='bbox 412 3707 736 3753; x_wconf 87' lang='lat' dir='ltr'><strong>consonae</strong></span> <span class='ocrx_word' id='word_1_341' title='bbox 767 3699 1110 3774; x_wconf 88' lang='lat' dir='ltr'><strong>sequentes</strong></span> <span class='ocrx_word' id='word_1_342' title='bbox 1140 3697 1462 3756; x_wconf 88' lang='lat' dir='ltr'><strong>mutantur</strong></span> <span class='ocrx_word' id='word_1_343' title='bbox 1489 3691 1836 3756; x_wconf 82' lang='lat' dir='ltr'><strong>infectione</strong></span> <span class='ocrx_word' id='word_1_344' title='bbox 1866 3687 2091 3768; x_wconf 72' lang='lat' dir='ltr'><strong>nasah,</strong></span> <span class='ocrx_word' id='word_1_345' title='bbox 2124 3688 2307 3754; x_wconf 86' lang='lat' dir='ltr'><strong>cuius</strong></span> <span class='ocrx_word' id='word_1_346' title='bbox 2340 3689 2648 3774; x_wconf 86' lang='lat' dir='ltr'><strong>exemplis</strong></span> <span class='ocrx_word' id='word_1_347' title='bbox 2678 3705 2873 3775; x_wconf 82' lang='lat' dir='ltr'><strong>supra</strong></span> <span class='ocrx_word' id='word_1_348' title='bbox 2904 3712 3158 3756; x_wconf 87' lang='lat' dir='ltr'><strong>enume-</strong></span> 
     </span>
     <span class='ocr_line' id='line_1_34' title="bbox 209 3788 3157 3878; baseline 0.001 -24"><span class='ocrx_word' id='word_1_349' title='bbox 209 3789 370 3855; x_wconf 82' lang='lat' dir='ltr'><strong>ratis</strong></span> <span class='ocrx_word' id='word_1_350' title='bbox 394 3789 538 3875; x_wconf 86' lang='lat' dir='ltr'><strong>(pp.</strong></span> <span class='ocrx_word' id='word_1_351' title='bbox 565 3790 704 3855; x_wconf 83' lang='lat'><strong>118.</strong></span> <span class='ocrx_word' id='word_1_352' title='bbox 729 3789 874 3854; x_wconf 88' lang='grc'><strong>205.</strong></span> <span class='ocrx_word' id='word_1_353' title='bbox 899 3788 1055 3875; x_wconf 91' lang='grc'><strong>207)</strong></span> <span class='ocrx_word' id='word_1_354' title='bbox 1081 3791 1372 3857; x_wconf 83' lang='lat' dir='ltr'><strong>addimus</strong></span> <span class='ocrx_word' id='word_1_355' title='bbox 1403 3791 1559 3858; x_wconf 86' lang='lat' dir='ltr'><strong>hoc:</strong></span> <span class='ocrx_word' id='word_1_356' title='bbox 1591 3791 1824 3876; x_wconf 72' lang='lat' dir='ltr'><strong>kynnal</strong></span> <span class='ocrx_word' id='word_1_357' title='bbox 1844 3789 2297 3875; x_wconf 82' lang='lat' dir='ltr'><strong>(propugnare,</strong></span> <span class='ocrx_word' id='word_1_358' title='bbox 2331 3797 2719 3870; x_wconf 83' lang='lat' dir='ltr'><strong>sustentare3</strong></span> <span class='ocrx_word' id='word_1_359' title='bbox 2752 3791 2878 3873; x_wconf 79' lang='lat' dir='ltr'><strong>dal,</strong></span> <span class='ocrx_word' id='word_1_360' title='bbox 2908 3795 3157 3878; x_wconf 88' lang='lat' dir='ltr'><strong>tenere)</strong></span> 
     </span>
     <span class='ocr_line' id='line_1_35' title="bbox 205 3888 3155 3978; baseline 0 -21"><span class='ocrx_word' id='word_1_361' title='bbox 205 3889 388 3957; x_wconf 73' lang='lat' dir='ltr'><strong>Mab.</strong></span> <span class='ocrx_word' id='word_1_362' title='bbox 426 3894 482 3971; x_wconf 87' lang='lat'><strong>1,</strong></span> <span class='ocrx_word' id='word_1_363' title='bbox 520 3891 617 3955; x_wconf 89' lang='grc'><strong>19.</strong></span> <span class='ocrx_word' id='word_1_364' title='bbox 664 3889 766 3956; x_wconf 91' lang='grc'><strong>21.</strong></span> <span class='ocrx_word' id='word_1_365' title='bbox 808 3891 1170 3976; x_wconf 69' lang='lat' dir='ltr'><strong>hynltalyaf,</strong></span> <span class='ocrx_word' id='word_1_366' title='bbox 1217 3892 1467 3978; x_wconf 69' lang='lat' dir='ltr'><strong>cynhely</strong></span> <span class='ocrx_word' id='word_1_367' title='bbox 1513 3891 1786 3976; x_wconf 86' lang='lat' dir='ltr'><strong>(tuebor,</strong></span> <span class='ocrx_word' id='word_1_368' title='bbox 1837 3888 2158 3973; x_wconf 84' lang='lat' dir='ltr'><strong>defendis)</strong></span> <span class='ocrx_word' id='word_1_369' title='bbox 2204 3891 2261 3970; x_wconf 91' lang='grc'><strong>3,</strong></span> <span class='ocrx_word' id='word_1_370' title='bbox 2308 3889 2410 3955; x_wconf 86' lang='grc'><strong>35.</strong></span> <span class='ocrx_word' id='word_1_371' title='bbox 2458 3893 2513 3970; x_wconf 87' lang='grc'><strong>2,</strong></span> <span class='ocrx_word' id='word_1_372' title='bbox 2571 3893 2667 3956; x_wconf 88' lang='grc'><strong>17.</strong></span> <span class='ocrx_word' id='word_1_373' title='bbox 2753 3892 3155 3958; x_wconf 87' lang='lat' dir='ltr'><strong>Assimilatio</strong></span> 
     </span>
     <span class='ocr_line' id='line_1_36' title="bbox 209 3990 3155 4078; baseline 0 -21"><span class='ocrx_word' id='word_1_374' title='bbox 209 3991 594 4058; x_wconf 86' lang='lat' dir='ltr'><strong>necessaria</strong></span> <span class='ocrx_word' id='word_1_375' title='bbox 638 4001 738 4056; x_wconf 87' lang='lat' dir='ltr'><strong>est</strong></span> <span class='ocrx_word' id='word_1_376' title='bbox 780 4000 928 4058; x_wconf 86' lang='lat' dir='ltr'><strong>aute</strong></span> <span class='ocrx_word' id='word_1_377' title='bbox 969 4015 1050 4073; x_wconf 85' lang='lat' dir='ltr'><strong>m,</strong></span> <span class='ocrx_word' id='word_1_378' title='bbox 1098 3991 1156 4074; x_wconf 80' lang='lat' dir='ltr'><strong>b,</strong></span> <span class='ocrx_word' id='word_1_379' title='bbox 1197 4015 1264 4078; x_wconf 82' lang='lat' dir='ltr'><strong>p.</strong></span> <span class='ocrx_word' id='word_1_380' title='bbox 1341 3990 1663 4078; x_wconf 81' lang='lat' dir='ltr'><strong>Sequente</strong></span> <span class='ocrx_word' id='word_1_381' title='bbox 1703 4014 1766 4054; x_wconf 89' lang='lat' dir='ltr'><strong>m</strong></span> <span class='ocrx_word' id='word_1_382' title='bbox 1809 3990 2123 4056; x_wconf 86' lang='lat' dir='ltr'><strong>interdum</strong></span> <span class='ocrx_word' id='word_1_383' title='bbox 2168 3991 2404 4077; x_wconf 87' lang='lat' dir='ltr'><strong>duplex</strong></span> <span class='ocrx_word' id='word_1_384' title='bbox 2443 4015 2505 4056; x_wconf 86' lang='lat' dir='ltr'><strong>m</strong></span> <span class='ocrx_word' id='word_1_385' title='bbox 2536 3994 2777 4078; x_wconf 88' lang='lat' dir='ltr'><strong>scripta</strong></span> <span class='ocrx_word' id='word_1_386' title='bbox 2816 3994 3155 4072; x_wconf 75' lang='lat' dir='ltr'><strong>invenitur,</strong></span> 
     </span>
     <span class='ocr_line' id='line_1_37' title="bbox 205 4091 3153 4181; baseline 0 -22"><span class='ocrx_word' id='word_1_387' title='bbox 205 4093 478 4180; x_wconf 85' lang='lat' dir='ltr'><strong>saepius</strong></span> <span class='ocrx_word' id='word_1_388' title='bbox 518 4091 790 4177; x_wconf 84' lang='lat' dir='ltr'><strong>simplex</strong></span> <span class='ocrx_word' id='word_1_389' title='bbox 829 4091 922 4178; x_wconf 89' lang='lat' dir='ltr'><strong>(p.</strong></span> <span class='ocrx_word' id='word_1_390' title='bbox 962 4092 1141 4177; x_wconf 84' lang='lat'><strong>112):</strong></span> <span class='ocrx_word' id='word_1_391' title='bbox 1187 4092 1516 4156; x_wconf 73' lang='lat' dir='ltr'><strong>leammeint</strong></span> <span class='ocrx_word' id='word_1_392' title='bbox 1556 4093 1873 4178; x_wconf 82' lang='lat' dir='ltr'><strong>(totidem,</strong></span> <span class='ocrx_word' id='word_1_393' title='bbox 1918 4091 2134 4157; x_wconf 87' lang='lat' dir='ltr'><strong>eadem</strong></span> <span class='ocrx_word' id='word_1_394' title='bbox 2178 4093 2579 4178; x_wconf 79' lang='lat' dir='ltr'><strong>magnitudo)</strong></span> <span class='ocrx_word' id='word_1_395' title='bbox 2604 4095 2763 4181; x_wconf 83' lang='lat' dir='ltr'><strong>Leg.</strong></span> <span class='ocrx_word' id='word_1_396' title='bbox 2798 4096 2854 4175; x_wconf 90' lang='grc'><strong>2,</strong></span> <span class='ocrx_word' id='word_1_397' title='bbox 2890 4098 2947 4175; x_wconf 92' lang='grc'><strong>6,</strong></span> <span class='ocrx_word' id='word_1_398' title='bbox 2982 4097 3038 4175; x_wconf 89' lang='grc'><strong>9,</strong></span> <span class='ocrx_word' id='word_1_399' title='bbox 3086 4095 3153 4159; x_wconf 93' lang='lat' dir='ltr'><strong>in</strong></span> 
     </span>
     <span class='ocr_line' id='line_1_38' title="bbox 211 4192 3159 4281; baseline 0 -21"><span class='ocrx_word' id='word_1_400' title='bbox 211 4195 364 4261; x_wconf 90' lang='lat' dir='ltr'><strong>aliis</strong></span> <span class='ocrx_word' id='word_1_401' title='bbox 409 4193 572 4260; x_wconf 90' lang='lat' dir='ltr'><strong>locis</strong></span> <span class='ocrx_word' id='word_1_402' title='bbox 617 4195 899 4276; x_wconf 79' lang='lat' dir='ltr'><strong>cemeint,</strong></span> <span class='ocrx_word' id='word_1_403' title='bbox 958 4193 1026 4257; x_wconf 91' lang='lat' dir='ltr'><strong>in</strong></span> <span class='ocrx_word' id='word_1_404' title='bbox 1070 4193 1236 4261; x_wconf 87' lang='lat' dir='ltr'><strong>Mab.</strong></span> <span class='ocrx_word' id='word_1_405' title='bbox 1282 4193 1549 4279; x_wconf 77' lang='lat' dir='ltr'><strong>kymeint</strong></span> <span class='ocrx_word' id='word_1_406' title='bbox 1588 4192 1674 4280; x_wconf 81' lang='lat' dir='ltr'><strong>fq.</strong></span> <span class='ocrx_word' id='word_1_407' title='bbox 1757 4193 2113 4260; x_wconf 83' lang='lat' dir='ltr'><strong>Labialium</strong></span> <span class='ocrx_word' id='word_1_408' title='bbox 2162 4193 2229 4274; x_wconf 81' lang='lat' dir='ltr'><strong>b,</strong></span> <span class='ocrx_word' id='word_1_409' title='bbox 2270 4216 2318 4280; x_wconf 80' lang='lat' dir='ltr'><strong>p</strong></span> <span class='ocrx_word' id='word_1_410' title='bbox 2360 4194 2703 4260; x_wconf 87' lang='lat' dir='ltr'><strong>infectione</strong></span> <span class='ocrx_word' id='word_1_411' title='bbox 2757 4194 2964 4261; x_wconf 87' lang='lat' dir='ltr'><strong>nasali</strong></span> <span class='ocrx_word' id='word_1_412' title='bbox 3008 4207 3159 4281; x_wconf 91' lang='lat' dir='ltr'><strong>post</strong></span> 
     </span>
     <span class='ocr_line' id='line_1_39' title="bbox 202 4293 3153 4381; baseline 0.001 -21"><span class='ocrx_word' id='word_1_413' title='bbox 202 4295 470 4361; x_wconf 85' lang='lat' dir='ltr'><strong>finalem</strong></span> <span class='ocrx_word' id='word_1_414' title='bbox 497 4317 562 4357; x_wconf 85' lang='lat' dir='ltr'><strong>m</strong></span> <span class='ocrx_word' id='word_1_415' title='bbox 589 4293 939 4380; x_wconf 70' lang='lat' dir='ltr'><strong>particulae</strong></span> <span class='ocrx_word' id='word_1_416' title='bbox 974 4293 1488 4362; x_wconf 78' lang='lat' dir='ltr'><strong>evanescentium</strong></span> <span class='ocrx_word' id='word_1_417' title='bbox 1520 4294 1812 4381; x_wconf 87' lang='lat' dir='ltr'><strong>exempla</strong></span> <span class='ocrx_word' id='word_1_418' title='bbox 1839 4294 2157 4360; x_wconf 77' lang='lat' dir='ltr'><strong>cambi-ica</strong></span> <span class='ocrx_word' id='word_1_419' title='bbox 2184 4315 2380 4380; x_wconf 81' lang='lat' dir='ltr'><strong>supra</strong></span> <span class='ocrx_word' id='word_1_420' title='bbox 2406 4297 2655 4381; x_wconf 84' lang='lat' dir='ltr'><strong>prolata</strong></span> <span class='ocrx_word' id='word_1_421' title='bbox 2676 4307 2825 4362; x_wconf 88' lang='lat' dir='ltr'><strong>sunt</strong></span> <span class='ocrx_word' id='word_1_422' title='bbox 2854 4295 2947 4381; x_wconf 89' lang='lat' dir='ltr'><strong>(p.</strong></span> <span class='ocrx_word' id='word_1_423' title='bbox 2980 4297 3101 4360; x_wconf 86' lang='grc'><strong>207</strong></span> <span class='ocrx_word' id='word_1_424' title='bbox 3104 4297 3153 4380; x_wconf 90' lang='grc'><strong>).</strong></span> 
     </span>
     <span class='ocr_line' id='line_1_40' title="bbox 201 4393 3154 4482; baseline -0 -19"><span class='ocrx_word' id='word_1_425' title='bbox 201 4399 389 4463; x_wconf 86' lang='lat' dir='ltr'><strong>Ante</strong></span> <span class='ocrx_word' id='word_1_426' title='bbox 419 4419 452 4460; x_wconf 77' lang='grc' dir='ltr'><strong><em>ε</em></strong></span> <span class='ocrx_word' id='word_1_427' title='bbox 483 4417 740 4482; x_wconf 87' lang='lat' dir='ltr'><strong>semper</strong></span> <span class='ocrx_word' id='word_1_428' title='bbox 781 4396 1172 4462; x_wconf 80' lang='lat' dir='ltr'><strong>assimilatur</strong></span> <span class='ocrx_word' id='word_1_429' title='bbox 1197 4421 1240 4460; x_wconf 79' lang='lat' dir='ltr'><strong>n</strong></span> <span class='ocrx_word' id='word_1_430' title='bbox 1270 4409 1342 4460; x_wconf 84' lang='lat' dir='ltr'><strong>ut</strong></span> <span class='ocrx_word' id='word_1_431' title='bbox 1379 4397 1448 4460; x_wconf 92' lang='lat' dir='ltr'><strong>in</strong></span> <span class='ocrx_word' id='word_1_432' title='bbox 1477 4395 1736 4481; x_wconf 71' lang='lat' dir='ltr'><strong>eyeswllt</strong></span> <span class='ocrx_word' id='word_1_433' title='bbox 1779 4394 2084 4480; x_wconf 81' lang='lat' dir='ltr'><strong>(iunctio)</strong></span> <span class='ocrx_word' id='word_1_434' title='bbox 2114 4393 2288 4461; x_wconf 81' lang='lat' dir='ltr'><strong>Mab.</strong></span> <span class='ocrx_word' id='word_1_435' title='bbox 2344 4399 2397 4476; x_wconf 86' lang='grc'><strong>1,</strong></span> <span class='ocrx_word' id='word_1_436' title='bbox 2447 4399 2541 4460; x_wconf 90' lang='grc'><strong>14.</strong></span> <span class='ocrx_word' id='word_1_437' title='bbox 2614 4397 2940 4482; x_wconf 71' lang='lat' dir='ltr'><strong>kyeeondeb</strong></span> <span class='ocrx_word' id='word_1_438' title='bbox 2968 4397 3154 4481; x_wconf 91' lang='lat' dir='ltr'><strong>(con-</strong></span> 
     </span>
     <span class='ocr_line' id='line_1_41' title="bbox 205 4493 3152 4584; baseline -0.001 -19"><span class='ocrx_word' id='word_1_439' title='bbox 205 4495 586 4580; x_wconf 77' lang='lat' dir='ltr'><strong>cordantia)</strong></span> <span class='ocrx_word' id='word_1_440' title='bbox 617 4497 675 4579; x_wconf 93' lang='grc'><strong>2,</strong></span> <span class='ocrx_word' id='word_1_441' title='bbox 707 4498 809 4564; x_wconf 89' lang='grc'><strong>46.</strong></span> <span class='ocrx_word' id='word_1_442' title='bbox 842 4493 1090 4583; x_wconf 61' lang='grc' dir='ltr'><strong><em>σῃὲεἱωη</em></strong></span> <span class='ocrx_word' id='word_1_443' title='bbox 1122 4497 1465 4582; x_wconf 85' lang='lat' dir='ltr'><strong>(affinitas)</strong></span> <span class='ocrx_word' id='word_1_444' title='bbox 1493 4497 1555 4578; x_wconf 85' lang='lat'><strong>3,</strong></span> <span class='ocrx_word' id='word_1_445' title='bbox 1586 4499 1728 4578; x_wconf 92' lang='grc'><strong>270,</strong></span> <span class='ocrx_word' id='word_1_446' title='bbox 1759 4497 1993 4582; x_wconf 88' lang='lat' dir='ltr'><strong>quibus</strong></span> <span class='ocrx_word' id='word_1_447' title='bbox 2026 4495 2385 4561; x_wconf 85' lang='lat' dir='ltr'><strong>addendum</strong></span> <span class='ocrx_word' id='word_1_448' title='bbox 2416 4497 2663 4563; x_wconf 84' lang='lat' dir='ltr'><strong>videtur</strong></span> <span class='ocrx_word' id='word_1_449' title='bbox 2700 4498 2899 4582; x_wconf 75' lang='lat' dir='ltr'><strong>kyetal</strong></span> <span class='ocrx_word' id='word_1_450' title='bbox 2932 4498 3152 4584; x_wconf 88' lang='lat' dir='ltr'><strong>(aequi</strong></span> 
     </span>
     <span class='ocr_line' id='line_1_42' title="bbox 203 4599 652 4686; baseline -0.002 -21"><span class='ocrx_word' id='word_1_451' title='bbox 203 4599 436 4686; x_wconf 83' lang='lat' dir='ltr'><strong>pretii)</strong></span> <span class='ocrx_word' id='word_1_452' title='bbox 488 4601 544 4681; x_wconf 89' lang='lat'><strong>1,</strong></span> <span class='ocrx_word' id='word_1_453' title='bbox 593 4601 652 4664; x_wconf 91' lang='grc'><strong>9.</strong></span> 
     </span>
    </p>

    <p class='ocr_par' dir='ltr' id='par_1_7' title="bbox 200 4698 3153 5194">
     <span class='ocr_line' id='line_1_43' title="bbox 375 4698 3151 4788; baseline -0.001 -21"><span class='ocrx_word' id='word_1_454' title='bbox 375 4699 700 4788; x_wconf 87' lang='lat' dir='ltr'><strong>Exempla</strong></span> <span class='ocrx_word' id='word_1_455' title='bbox 741 4703 1102 4768; x_wconf 77' lang='lat' dir='ltr'><strong>coi-nica:</strong></span> <span class='ocrx_word' id='word_1_456' title='bbox 1155 4701 1450 4788; x_wconf 78' lang='lat' dir='ltr'><strong>kynyuer‚</strong></span> <span class='ocrx_word' id='word_1_457' title='bbox 1493 4699 1782 4786; x_wconf 74' lang='lat' dir='ltr'><strong>kynyver,</strong></span> <span class='ocrx_word' id='word_1_458' title='bbox 1829 4700 2080 4764; x_wconf 74' lang='lat' dir='ltr'><strong>keneuer</strong></span> <span class='ocrx_word' id='word_1_459' title='bbox 2123 4699 2273 4786; x_wconf 83' lang='lat' dir='ltr'><strong>(par</strong></span> <span class='ocrx_word' id='word_1_460' title='bbox 2298 4721 2619 4780; x_wconf 84' lang='lat' dir='ltr'><strong>numerus,</strong></span> <span class='ocrx_word' id='word_1_461' title='bbox 2673 4700 2797 4784; x_wconf 89' lang='lat' dir='ltr'><strong>tot)</strong></span> <span class='ocrx_word' id='word_1_462' title='bbox 2850 4698 2929 4764; x_wconf 91' lang='lat' dir='ltr'><strong>O.</strong></span> <span class='ocrx_word' id='word_1_463' title='bbox 2970 4701 3151 4765; x_wconf 89' lang='grc'><strong>1029.</strong></span> 
     </span>
     <span class='ocr_line' id='line_1_44' title="bbox 208 4800 3149 4890; baseline -0 -23"><span class='ocrx_word' id='word_1_464' title='bbox 208 4807 398 4870; x_wconf 86' lang='grc'><strong>1215.</strong></span> <span class='ocrx_word' id='word_1_465' title='bbox 442 4802 520 4868; x_wconf 91' lang='grc' dir='ltr'><strong>Ρ.</strong></span> <span class='ocrx_word' id='word_1_466' title='bbox 553 4803 696 4885; x_wconf 89' lang='grc'><strong>228,</strong></span> <span class='ocrx_word' id='word_1_467' title='bbox 734 4804 802 4884; x_wconf 83' lang='grc'><strong>3;</strong></span> <span class='ocrx_word' id='word_1_468' title='bbox 850 4812 997 4868; x_wconf 86' lang='lat' dir='ltr'><strong>ante</strong></span> <span class='ocrx_word' id='word_1_469' title='bbox 1039 4802 1346 4870; x_wconf 85' lang='lat' dir='ltr'><strong>labiales:</strong></span> <span class='ocrx_word' id='word_1_470' title='bbox 1392 4804 1629 4883; x_wconf 58' lang='lat' dir='ltr'><strong>comeso,</strong></span> <span class='ocrx_word' id='word_1_471' title='bbox 1675 4824 1974 4887; x_wconf 72' lang='lat' dir='ltr'><strong>cymmysc</strong></span> <span class='ocrx_word' id='word_1_472' title='bbox 2015 4800 2443 4886; x_wconf 85' lang='lat' dir='ltr'><strong>(commixtio)</strong></span> <span class='ocrx_word' id='word_1_473' title='bbox 2473 4801 2631 4866; x_wconf 90' lang='lat' dir='ltr'><strong>Voc.</strong></span> <span class='ocrx_word' id='word_1_474' title='bbox 2663 4803 2744 4866; x_wconf 60' lang='lat'><strong>8⁵.</strong></span> <span class='ocrx_word' id='word_1_475' title='bbox 2818 4801 3149 4890; x_wconf 62' lang='lat' dir='ltr'><strong>kymyskys,</strong></span> 
     </span>
     <span class='ocr_line' id='line_1_45' title="bbox 200 4901 3148 4993; baseline -0.002 -21"><span class='ocrx_word' id='word_1_476' title='bbox 200 4908 544 4993; x_wconf 57' lang='lat' dir='ltr'><strong>hemme,</strong></span> <span class='ocrx_word' id='word_1_477' title='bbox 585 4904 893 4991; x_wconf 59' lang='lat' dir='ltr'><strong>kempssleub,</strong></span> <span class='ocrx_word' id='word_1_478' title='bbox 935 4905 1220 4970; x_wconf 67' lang='lat' dir='ltr'><strong>kemeehia</strong></span> <span class='ocrx_word' id='word_1_479' title='bbox 1247 4902 1685 4992; x_wconf 86' lang='lat' dir='ltr'><strong>(commixtus)</strong></span> <span class='ocrx_word' id='word_1_480' title='bbox 1727 4902 1808 4967; x_wconf 88' lang='lat' dir='ltr'><strong>D.</strong></span> <span class='ocrx_word' id='word_1_481' title='bbox 1843 4906 2028 4968; x_wconf 88' lang='grc'><strong>2977.</strong></span> <span class='ocrx_word' id='word_1_482' title='bbox 2065 4902 2144 4970; x_wconf 87' lang='grc' dir='ltr'><strong>Ο.</strong></span> <span class='ocrx_word' id='word_1_483' title='bbox 2181 4904 2361 4969; x_wconf 88' lang='grc'><strong>1058.</strong></span> <span class='ocrx_word' id='word_1_484' title='bbox 2394 4901 2467 4967; x_wconf 90' lang='grc' dir='ltr'><strong>Ρ.</strong></span> <span class='ocrx_word' id='word_1_485' title='bbox 2502 4905 2642 4982; x_wconf 79' lang='grc'><strong>202,</strong></span> <span class='ocrx_word' id='word_1_486' title='bbox 2668 4903 2739 4981; x_wconf 85' lang='grc'><strong>2.;</strong></span> <span class='ocrx_word' id='word_1_487' title='bbox 2784 4901 2882 4982; x_wconf 89' lang='grc'><strong>58,</strong></span> <span class='ocrx_word' id='word_1_488' title='bbox 2916 4903 2973 4966; x_wconf 87' lang='grc'><strong>4.</strong></span> <span class='ocrx_word' id='word_1_489' title='bbox 3008 4903 3148 4990; x_wconf 68' lang='grc'><strong>219,</strong></span> 
     </span>
     <span class='ocr_line' id='line_1_46' title="bbox 206 5001 3149 5094; baseline -0.001 -22"><span class='ocrx_word' id='word_1_490' title='bbox 206 5013 260 5074; x_wconf 93' lang='grc'><strong>1.</strong></span> <span class='ocrx_word' id='word_1_491' title='bbox 303 5007 613 5094; x_wconf 72' lang='lat' dir='ltr'><strong>kymmye,</strong></span> <span class='ocrx_word' id='word_1_492' title='bbox 643 5007 925 5093; x_wconf 73' lang='lat' dir='ltr'><strong>kermnye,</strong></span> <span class='ocrx_word' id='word_1_493' title='bbox 955 5005 1172 5092; x_wconf 74' lang='lat' dir='ltr'><strong>leemye,</strong></span> <span class='ocrx_word' id='word_1_494' title='bbox 1202 5008 1463 5094; x_wconf 71' lang='lat' dir='ltr'><strong>kymmes</strong></span> <span class='ocrx_word' id='word_1_495' title='bbox 1493 5003 1587 5088; x_wconf 81' lang='grc'><strong>(--</strong></span> <span class='ocrx_word' id='word_1_496' title='bbox 1610 5006 1843 5071; x_wconf 89' lang='lat' dir='ltr'><strong>cambr.</strong></span> <span class='ocrx_word' id='word_1_497' title='bbox 1879 5005 2166 5090; x_wconf 76' lang='lat' dir='ltr'><strong>oymeint)</strong></span> <span class='ocrx_word' id='word_1_498' title='bbox 2196 5001 2272 5068; x_wconf 91' lang='lat' dir='ltr'><strong>P.</strong></span> <span class='ocrx_word' id='word_1_499' title='bbox 2318 5005 2375 5085; x_wconf 90' lang='grc'><strong>9,</strong></span> <span class='ocrx_word' id='word_1_500' title='bbox 2411 5007 2469 5070; x_wconf 93' lang='grc'><strong>4.</strong></span> <span class='ocrx_word' id='word_1_501' title='bbox 2509 5005 2602 5083; x_wconf 90' lang='grc'><strong>16,</strong></span> <span class='ocrx_word' id='word_1_502' title='bbox 2631 5007 2688 5067; x_wconf 87' lang='lat'><strong>3.</strong></span> <span class='ocrx_word' id='word_1_503' title='bbox 2734 5003 2833 5084; x_wconf 85' lang='lat'><strong>24,</strong></span> <span class='ocrx_word' id='word_1_504' title='bbox 2868 5007 2923 5067; x_wconf 87' lang='grc'><strong>2.</strong></span> <span class='ocrx_word' id='word_1_505' title='bbox 2956 5005 3056 5085; x_wconf 84' lang='grc'><strong>31,</strong></span> <span class='ocrx_word' id='word_1_506' title='bbox 3089 5008 3149 5070; x_wconf 89' lang='grc'><strong>4.</strong></span> 
     </span>
     <span class='ocr_line' id='line_1_47' title="bbox 203 5109 3153 5194; baseline -0.001 -20"><span class='ocrx_word' id='word_1_507' title='bbox 203 5110 325 5192; x_wconf 85' lang='grc'><strong>58,</strong></span> <span class='ocrx_word' id='word_1_508' title='bbox 356 5111 400 5176; x_wconf 84' lang='grc'><strong>3</strong></span> <span class='ocrx_word' id='word_1_509' title='bbox 444 5117 600 5192; x_wconf 84' lang='lat' dir='ltr'><strong>etc.;</strong></span> <span class='ocrx_word' id='word_1_510' title='bbox 659 5110 810 5192; x_wconf 85' lang='grc'><strong>171,</strong></span> <span class='ocrx_word' id='word_1_511' title='bbox 856 5110 926 5190; x_wconf 85' lang='grc'><strong>2;</strong></span> <span class='ocrx_word' id='word_1_512' title='bbox 987 5109 1126 5190; x_wconf 88' lang='grc'><strong>166,</strong></span> <span class='ocrx_word' id='word_1_513' title='bbox 1155 5109 1228 5191; x_wconf 69' lang='grc'><strong>4,</strong></span> <span class='ocrx_word' id='word_1_514' title='bbox 1280 5110 1427 5190; x_wconf 91' lang='grc'><strong>120,</strong></span> <span class='ocrx_word' id='word_1_515' title='bbox 1486 5110 1540 5173; x_wconf 91' lang='grc'><strong>1.</strong></span> <span class='ocrx_word' id='word_1_516' title='bbox 1627 5129 1722 5170; x_wconf 82' lang='lat' dir='ltr'><strong>me</strong></span> <span class='ocrx_word' id='word_1_517' title='bbox 1774 5131 1813 5172; x_wconf 88' lang='lat' dir='ltr'><strong>a</strong></span> <span class='ocrx_word' id='word_1_518' title='bbox 1851 5125 2165 5194; x_wconf 74' lang='lat' dir='ltr'><strong>yymmyn,</strong></span> <span class='ocrx_word' id='word_1_519' title='bbox 2206 5127 2309 5190; x_wconf 69' lang='lat' dir='ltr'><strong>my</strong></span> <span class='ocrx_word' id='word_1_520' title='bbox 2338 5127 2703 5192; x_wconf 71' lang='lat' dir='ltr'><strong>aqemmyn,</strong></span> <span class='ocrx_word' id='word_1_521' title='bbox 2744 5125 2837 5169; x_wconf 85' lang='lat' dir='ltr'><strong>me</strong></span> <span class='ocrx_word' id='word_1_522' title='bbox 2866 5127 3153 5192; x_wconf 75' lang='lat' dir='ltr'><strong>aqemyn</strong></span> 
     </span>
    </p>
   </div>
  </div>
 </body>
</html>
