3717 5642
591 383 715 448 808
781 383 921 447 (774·
945 385 1066 448 775)
1115 380 1197 449 V.
1234 384 1288 446 1.
1353 399 1732 449 numni-10
1775 401 2066 450 (³stch
2109 401 2198 450 m*
2238 401 2607 451 mummius
2650 401 2985 451 ‘rm-mum.

596 571 744 634 494.
779 570 964 635 3484.
1033 544 1412 634 fei-vincius
1457 568 1566 653 (cf.
1611 567 1969 635 Pervianus
2014 571 2211 636 Stein.
2244 572 2400 655 544)
2446 570 2643 636 stein.
2677 572 2819 636 306.
2932 569 3010 636 In
3054 571 3365 636 cumulata
3407 569 3511 636 de-

593 670 936 736 rivatione:
983 670 1359 736 lovincillus
1390 671 1597 736 Inscr.
1639 669 1875 736 Mutat.
1914 673 2095 753 1353,
2118 674 2179 738 6.
2248 672 2579 752 Asincum,
2625 671 2995 738 Alisincum
3034 671 3149 756 (cf.
3186 672 3509 750 Alisontia,

595 771 812 854 Aiiso;
871 795 1063 858 germ.
1109 772 1294 854 elim,
1355 773 1512 838 slav.
1558 772 1784 853 οῑῖοήα,
1847 772 2067 854 οἱῖεεα,
2128 773 2311 840 alnus
2322 772 2383 857 Ρ)
2437 773 2581 838 Itin.
2626 773 2781 839 Ant.
2867 772 3287 838 Durotincum
3336 773 3509 860 (Alp.

595 874 834 958 marit.)
872 873 1028 938 Tab.
1061 870 1134 937 P.
1201 873 1552 939 Aldrincus
1584 872 1767 957 (loc.)
1813 873 1963 938 Act.
1994 873 2108 938 SS.
2152 873 2326 940 Mab.
2359 895 2527 940 saec.
2558 877 2611 955 1,
2642 897 2704 960 p.
2736 875 2879 938 690.
2946 873 3301 939 Bezerinca
3338 874 3513 958 (loc.)

595 974 762 1040 Boll.
810 973 986 1060 Sept.
1033 975 1090 1055 8,
1132 976 1268 1040 179.
1357 971 1604 1040 UNG-:
1651 971 1934 1041 Uruncis
1980 975 2130 1060 (loc.
2177 977 2349 1042 circa
2388 975 2592 1041 Rhen.
2640 975 3011 1062 superior.),
3070 973 3367 1039 Burunca
3402 972 3511 1056 (ad

595 1075 799 1141 Rhen.
842 1073 1132 1158 inferior)
1175 1073 1324 1140 Itin.
1371 1075 1524 1140 Ant.
2168 1138 2170 1140 ,

760 1177 1012 1244 ABG-2
1059 1176 1262 1241 Isarci
1306 1174 1486 1261 (pop.
1531 1186 1686 1242 raet..
1733 1178 1813 1242 ad
1854 1178 2121 1244 fluvium
2162 1177 2482 1262 Isarcum)
2524 1177 2691 1244 Plin.
2738 1198 3027 1244 emarcus
3072 1176 3259 1261 (vit-is
3299 1199 3509 1262 genus,

595 1303 721 1344 vox
749 1279 1008 1364 gallica)
1043 1277 1290 1344 Colum.
1379 1276 1620 1344 EBG-2
1669 1281 1931 1346 Aulerci
1978 1278 2169 1347 Caes.
2215 1279 2381 1344 Plin.
2444 1278 2807 1345 Mamercus
2852 1279 3051 1364 (nom.
3097 1277 3253 1362 viri)
3298 1277 3403 1342 sid
3415 1299 3511 1342 on.

601 1382 786 1466 epist.
833 1385 892 1460 5,
926 1381 986 1444 2.
1033 1380 1090 1460 5,
1129 1380 1224 1443 14.
1273 1382 1330 1460 7,
1373 1380 1427 1441 1.
1466 1371 1560 1444 ‘in
1603 1372 1983 1446 Solerciaco‘
2032 1379 2279 1446 Mabill.
2326 1379 2480 1465 dipl.
2528 1401 2589 1465 p.
2622 1382 2767 1446 606.
2834 1379 3299 1466 Luperciacum
3350 1377 3511 1463 (qui—

600 1484 720 1547 bus
779 1483 1052 1546 subsunt
1093 1479 1353 1544 nomina
1408 1481 1683 1547 virorum
1727 1481 2027 1548 Solercus
2047 1531 2063 1562 ,
2121 1479 2480 1566 Lupercus3
2540 1480 2619 1546 cf.
2670 1481 3057 1547 Solovettius
3117 1479 3262 1545 Liv.
3304 1479 3513 1564 Lupo·
3661 1525 3662 1560 3

604 1585 846 1648 dunum
887 1583 1172 1665 Auson.)
1217 1580 1474 1668 Polypt.
1509 1582 1573 1647 S.
1618 1583 1961 1648 Irminonis
2006 1605 2068 1670 p.
2100 1583 2243 1646 290.
2317 1580 2667 1646 Bitercium
2691 1632 2708 1662 ,
2755 1582 2951 1648 chart.
2996 1604 3051 1646 a.
3086 1581 3211 1646 893
3256 1603 3353 1667 ap.
3384 1579 3518 1644 Ma-

607 1684 741 1750 bill.
788 1709 849 1770 p.
882 1686 1024 1749 557.
1116 1681 1361 1750 URC·:
1408 1682 1686 1750 Cadurci
1733 1685 1923 1752 Caes.
1968 1683 2133 1748 Plin.
2200 1683 2587 1748 Namurcum
2632 1683 2807 1767 (hod.
2836 1681 3107 1767 Namur)
3162 1680 3327 1746 Bon.
3370 1681 3517 1747 Mai.

606 1787 664 1867 2,
701 1788 844 1850 651.
913 1783 1446 1851 Camburciacum
1490 1783 1560 1867 (a
1603 1809 1770 1851 nom.
1817 1785 1939 1850 viri
1982 1784 2411 1872 Camburcus)
2457 1784 2711 1872 Polypt.
2762 1783 2826 1850 S.
2868 1783 3089 1849 Irmin.
3134 1805 3202 1870 p.
3235 1785 3377 1847 271.

767 1885 881 1952 LC
927 1887 1251 1972 quaeritur
1296 1909 1379 1952 an
1409 1886 1708 1952 derivans
1753 1886 1838 1952 sit
1881 1886 1951 1950 in
1978 1886 2113 1952 his:
2157 1886 2460 1969 Bodalca,
2506 1885 2793 1953 Rodalca
2820 1885 2970 1972 (loc.
3002 1885 3071 1950 in
3102 1907 3247 1970 pag.
3282 1883 3519 1962 Tellau,

601 1987 905 2073 Vimnau)
951 1989 1103 2076 dipl.
1150 2011 1205 2054 a.
1241 1989 1362 2054 775
1407 2010 1508 2074 ap.
1552 1987 1798 2054 Mabill.
1842 2011 1904 2074 p.
1937 1988 2083 2068 498,
2130 1996 2321 2073 atque
2364 1989 2431 2052 in
2474 1989 2731 2054 nomine
2776 1986 3071 2054 Chabilci
3116 1986 3288 2072 apud
3326 1984 3519 2050 Avie-
3661 1987 3662 2052 j

600 2115 766 2172 num,
813 2115 942 2156 non
986 2091 1262 2173 diverso,
1305 2099 1377 2154 ut
1417 2090 1683 2170 videtur,
1731 2113 1770 2155 a
1811 2089 2069 2156 nomine
2105 2080 2559 2162 Καλούκωνες,
2610 2087 2952 2150 Καοῖιλκοι
2998 2089 3173 2174 apud
3204 2087 3413 2156 Sti-ab.
3458 2097 3519 2152 et

602 2192 788 2275 Ptol„
834 2193 1148 2279 gallicone
1193 2216 1276 2258 an
1318 2193 1726 2279 germanico?

780 2294 1015 2363 ASC-:
1057 2288 1150 2360 ‘in
1196 2317 1361 2382 pago
1404 2284 1825 2360 Violascensi'
1878 2290 2094 2357 Sidon.
2142 2292 2327 2378 epist.
2358 2294 2417 2373 2,
2456 2293 2550 2356 14.
2618 2292 2773 2359 Alia
2816 2293 3128 2380 exempla,
3173 2293 3290 2359 scd
3330 2291 3519 2357 inter-
3661 2319 3662 2334 ¹

604 2397 768 2478 dum,
815 2407 887 2461 ut
927 2397 1194 2480 videtur,
1243 2421 1279 2462 e
1310 2396 1724 2482 sequentibus
1768 2394 2054 2460 formuiis
2100 2403 2493 2481 transumpta
2532 2394 2599 2458 in
2632 2393 3043 2460 Testamento
3072 2395 3389 2476 Abbonis,
3434 2416 3527 2458 re·

599 2507 839 2563 novato
885 2499 1058 2564 circa
1101 2522 1156 2564 a.
1189 2502 1333 2580 805,
1381 2521 1481 2584 ap.
1525 2497 1772 2563 Mabill.
1824 2495 1979 2582 dipl.
2026 2518 2089 2581 p.
2122 2497 2486 2560 507--5092
2557 2493 2915 2579 cravasca,
2965 2497 3344 2577 Bicorasco,
3404 2495 3527 2560 Ba·
3660 2579 3662 2588 ⁴

605 2599 875 2680 sciascn,
923 2601 1323 2666 Aebasciaco
1356 2601 1647 2685 (nomina
1673 2599 1960 2664 locorum
2006 2597 2178 2663 circa
2205 2597 2411 2684 Alpes
2442 2597 2837 2683 maritimas).
2924 2598 3203 2665 Ibidem:
3242 2590 3337 2662 ‘in
3366 2619 3528 2685 pago
3661 2593 3662 2650 ἶ

601 2700 1009 2766 Matascense
1059 2700 1372 2769 Cornaco.
1459 2699 1737 2766 Doliana
1785 2699 1854 2763 in
1908 2721 2075 2785 pago
2128 2697 2559 2763 Vendascino.
2626 2699 2693 2764 in
2747 2701 2915 2766 valle
2957 2699 3313 2766 Diubiasca
3376 2698 3533 2762 infra

599 2804 763 2868 fines
794 2795 1397 2886 Langobardorum'.
1486 2799 1722 2868 ESO-:
1771 2800 2003 2865 civitas
2049 2797 2689 2885 Carpentoractensis
2732 2824 2904 2867 nunc
2934 2801 3261 2892 Vindesca
3300 2799 3527 2866 Libell.

599 2905 882 2990 provinc.
931 2903 1112 2969 Rom.
1159 2904 1230 2968 in
1269 2903 1534 2989 Eutrop.
1582 2903 1680 2968 ed.
1727 2900 2147 2987 Havercamp.
2188 2893 2295 2967 ‘ad
2340 2903 2555 2968 villam
2588 2895 2991 2971 Seanescum'
3041 2907 3192 2970 Act.
3224 2901 3343 2971 SS.
3388 2901 3525 2966 Ma-

599 3005 732 3070 bill.
781 3027 948 3070 saec.
982 3007 1041 3070 3.
1076 3007 1132 3088 2,
1161 3007 1308 3070 423.
1395 3004 1573 3073 ISC-
1617 3004 2008 3091 frequentior
2051 3004 2281 3070 ceteris
2324 3003 2390 3068 in
2434 3005 2796 3071 nominibus
2841 3006 3111 3072 virorum
3152 3015 3217 3072 et
3256 3003 3521 3090 populo·

599 3131 772 3171 rum:
841 3105 1172 3172 Vertiscus
1229 3105 1418 3173 Caes.
1486 3105 1811 3185 Taurisci,
1874 3105 2195 3171 Scordisci
2248 3106 2505 3191 (gentes
2561 3107 2859 3193 gallicae)
2917 3107 3081 3172 Plin.
3170 3096 3518 3183 Οῧῖβίσκοι

602 3208 711 3292 (cf.
757 3205 988 3274 Vibius
1031 3207 1234 3275 Inscr.
1285 3207 1481 3275 Orell.
1514 3205 1711 3290 2060)
1756 3205 1923 3272 Ptol.
1990 3205 2219 3273 Ubisci
2264 3206 2424 3272 Plin.
2491 3207 2761 3275 Vivisca
2802 3231 2963 3296 gens
2991 3209 3241 3274 Auson.
3269 3204 3522 3272 Mosell.

600 3311 745 3375 438.
809 3309 1124 3391 Eravisci,
1169 3308 1472 3374 Aravisci
1517 3307 1835 3391 (Pannon.
1882 3330 2051 3394 pop.,
2098 3308 2177 3372 ad
2221 3307 2369 3373 fluv.
2399 3309 2765 3376 Arabonem
2779 3309 2839 3394 ?)
2883 3309 3049 3374 Plin.
3094 3309 3251 3374 Tac.
3316 3305 3521 3372 Enni-

600 3412 845 3477 niscius
886 3411 1135 3477 Auson.
1182 3421 1427 3496 parent.
1461 3412 1562 3475 21.
1649 3407 1727 3474 In
1765 3409 2131 3476 nominibus
2172 3408 2493 3476 locorum:
2541 3409 2873 3477 Viviscum
2914 3411 3067 3494 (loc.
3113 3410 3196 3475 ad
3238 3409 3361 3475 lac.
3404 3407 3522 3472 Le·

602 3512 843 3597 mann.)
889 3511 1046 3578 Tab.
1077 3511 1182 3594 P.;
1243 3534 1389 3578 cum
1433 3511 1576 3577 aliis
1623 3509 2125 3577 derivationibus
2171 3511 2696 3579 antecedent-ibus
2751 3512 2858 3578 vel
2902 3510 3348 3598 sequentibus:
3404 3507 3521 3574 Isi-

599 3616 786 3679 nisca
842 3613 993 3698 (loc.
1058 3613 1427 3697 Vindelic.),
1492 3612 1839 3678 Petenisca
1890 3612 2039 3696 (loc.
2085 3610 2375 3696 Helvet.)
2436 3611 2589 3678 Tab.
2638 3612 2707 3677 P.
2783 3612 3091 3695 Matisco,
3162 3611 3522 3678 Matiscone

603 3715 780 3800 (hod.
825 3714 1092 3800 Macon)
1139 3715 1327 3782 Caes·
1371 3713 1527 3780 Tab.
1571 3713 1646 3782 P.
1711 3713 2074 3779 Laviscone
2103 3712 2499 3800 (Allobrog.)
2542 3713 2699 3781 Tab.
2730 3713 2805 3780 P.
2845 3707 3331 3780 ‘monasterium
3360 3713 3523 3800 quod

607 3817 1084 3884 Condatiscone
1127 3817 1394 3882 vocitari
1438 3808 1784 3881 voluerunt’
1835 3814 2031 3900 Greg.
2066 3814 2210 3881 Tur.
2261 3815 2386 3881 Vit.
2415 3825 2576 3903 patr.
2624 3839 2678 3882 c.
2716 3821 2769 3881 1.
2837 3815 3227 3882 Condatisco
3254 3825 3519 3882 monast.

605 3919 716 4004 (cf.
741 3917 1305 4003 Condatomagus,
1351 3915 1519 3984 Gall.
1566 3917 1804 3996 mei-id,
1852 3927 1917 3981 et
1960 3917 2279 4000 Gondatze,
2325 3916 2494 3984 Gall.
2540 3927 2730 4003 sept„
2776 3918 2844 3983 in
2888 3917 3069 4004 ltin.)
3122 3916 3290 3982 Boll.
3336 3915 3518 3980 Febr.

604 4023 661 4102 3,
697 4022 838 4084 741.
877 4019 1019 4084 745.
1071 4012 1180 4083 ‘ad
1221 4017 1853 4104 montis-perfugium
1897 4010 2238 4084 Latisconi‘
2288 4017 2453 4082 Boll.
2498 4017 2616 4083 Iul.
2664 4020 2721 4099 7,
2754 4020 2854 4084 70.
2940 4017 2998 4084 Ε
3044 4018 3281 4084 chartis
3338 4015 3523 4082 medii

605 4121 776 4185 aevi:
846 4118 1192 4185 Terniscus
1238 4119 1501 4205 (episc.)
1557 4141 1612 4184 a.
1645 4119 1799 4200 678,
1857 4119 2204 4185 Teuriscus
2248 4119 2502 4203 (iudex)
2548 4143 2600 4184 3,.
2636 4121 2761 4186 853
2804 4143 2907 4206 ap.
2950 4118 3197 4185 Mabffl.
3241 4141 3355 4204 pp.
3387 4121 3520 4180 469.

603 4223 743 4285 531.
820 4219 1120 4301 6311800,
1181 4221 1520 4287 Attanisco
1577 4220 1774 4303 (nom.
1818 4220 2048 4305 locor.)
2102 4221 2170 4285 in
2213 4244 2429 4286 renov.
2475 4233 2722 4287 testam.
2779 4219 3074 4286 Abbonis
3131 4243 3233 4306 ap.
3278 4217 3517 4284 Mabill.

607 4344 666 4406 p.
699 4322 840 4384 509.
893 4320 1266 4387 Mati-iseum
1297 4344 1354 4388 a.
1386 4322 1529 4401 884,
1575 4319 1911 4387 Seniscum
1938 4345 1996 4387 3.
2030 4323 2155 4387 960
2185 4345 2287 4405 ap.
2322 4322 2565 4388 Mabill.
2611 4345 2718 4408 pp.
2752 4325 2895 4387 551.
2926 4323 3069 4387 572.
3158 4319 3363 4388 OSG-
3404 4321 3519 4384 for—

603 4432 775 4487 tasse
835 4445 868 4486 e
912 4424 1204 4508 proxima
1245 4423 1542 4506 formula,
1597 4424 1664 4488 in
1708 4432 2051 4490 memorato
2106 4433 2254 4489 test.
2300 4423 2625 4489 Abbonis:
2688 4415 2780 4488 ‘in
2822 4425 3178 4489 NanosceS.
3232 4423 3313 4489 de
3359 4423 3515 4488 Bon—

603 4546 819 4590 nosco.
887 4547 1080 4610 super
1121 4524 1465 4591 BricosciS.
1533 4527 1821 4593 colonica
1875 4526 1984 4591 ubi
2029 4526 2259 4591 dicitur
2296 4525 2697 4593 Albai-ioscO.
2756 4526 2836 4591 de
2876 4525 3313 4590 LavarnoscO.
3372 4524 3517 4590 Cra·

608 4626 829 4692 viosco
874 4626 1101 4711 (supra
1144 4624 1516 4710 Cravasca).
1565 4627 1960 4693 Cattorosco.
2020 4627 2129 4692 ubi
2177 4627 2408 4692 dicitur
2446 4625 2810 4692 RiacioscO.
2872 4628 2954 4692 ad
2996 4625 3407 4694 Lavatiosco.
3458 4625 3515 4689 in

602 4748 768 4811 pago
815 4727 1219 4812 Segusterico
1271 4719 1700 4810 Lavariosco',
1743 4751 1845 4814 ap.
1876 4727 2121 4793 Mabill.
2152 4751 2259 4814 pp.
2294 4730 2647 4795 508-510,
2736 4727 2965 4796 138οη
3012 4727 3306 4814 Rugusci
3348 4729 3513 4814 (pop.

605 4827 830 4913 alpin.)
875 4827 1039 4893 Plin.
1081 4827 1247 4895 Ptol.
1317 4827 1686 4896 Caranusca
1727 4830 1879 4915 (loc.
1926 4827 2129 4912 Gall„
2176 4853 2375 4916 prope
2418 4831 2852 4916 Mediomatr.)
2896 4830 3053 4898 Tab.
3096 4831 3171 4896 P.
3226 4823 3323 4897 ‘in
3362 4829 3515 4896 valle

605 4921 918 4996 Venusca'
969 4927 1186 4997 Baluz.
1218 4933 1276 5014 2,
1320 4954 1382 5018 p.
1419 4933 1600 4997 1458.
