3717 5642
535 395 664 460 540
724 395 865 457 (529
887 395 1009 458 530)
1118 392 1243 460 ΠΙ.
1291 395 1350 459 2.
1421 409 1620 459 vsnm
1661 411 1838 458 nm‘r.
1882 409 2133 460 rnsxxo
2166 345 2439 460 .mm·
2484 409 2575 458 ιιι·
2614 409 2821 459 ππ.
2864 408 3070 460 cour,

535 578 818 666 (volunt,
881 580 942 646 si
983 581 1265 696 possint,
1321 600 1426 646 me
1469 576 1713 663 delere)
1769 578 1852 645 D.
1884 580 2071 646 2600.
2150 601 2293 646 mar
2332 601 2419 666 ny
2456 600 2618 645 «orer
2668 602 2712 666 y
2750 579 2945 666 mytho
2994 577 3157 663 (nisi
3208 577 3285 644 fit
3324 577 3465 646 eius

539 681 847 762 custodia,
891 680 1020 746 nisi
1061 682 1120 749 is
1164 679 1548 766 custoditur)
1591 680 1668 746 R.
1703 683 1848 748 341.

705 782 1107 850 Aremorice.
1151 804 1291 848 maz
1330 781 1532 870 yaller
1573 805 1677 846 ma
1721 781 1889 848 olam
1930 805 2035 849 ma
2076 783 2294 848 tamall
2334 783 2435 868 (ut
2462 783 2707 870 possim
2736 781 3043 864 accusari,
3088 781 3466 868 vituperari)

535 885 700 951 Buh.
739 886 874 965 174,
908 885 966 949 9.
1031 905 1108 947 ne
1143 883 1335 970 qallet
1374 895 1557 968 quet.
1585 933 1599 948 .
1627 933 1642 950 .
1673 905 1780 950 ma
1821 886 2106 970 remedt'ff
2143 885 2303 971 (non
2342 895 2627 973 poteram
2659 883 2901 969 sanari)
2937 884 3075 965 118,
3114 885 3209 948 17.
3262 907 3353 948 na
3392 905 3470 947 ne

541 987 706 1050 albet
729 1035 743 1050 .
771 1036 787 1051 .
815 1036 830 1050 .
854 1007 1056 1070 comps
1095 984 1280 1049 deoc-It
1321 984 1482 1070 (non
1522 995 1748 1072 posset
1786 986 1975 1052 vobis
2018 987 2181 1074 dici)
2222 986 2360 1055 ΜΠ.
2395 987 2546 1054 13b.
2604 1009 2682 1050 ne
2722 986 2889 1050 ἀίων
2928 984 3019 1072 (v.
3049 985 3093 1050 l.
3138 984 3328 1070 dleet)
3364 1033 3381 1048 .
3407 1033 3423 1050 .
3450 1035 3467 1050 .

537 1109 569 1151 e
609 1086 925 1152 contraria
966 1084 1128 1169 (non
1173 1084 1364 1152 debet
1406 1087 1468 1152 ei
1495 1086 1878 1171 contradici)
1924 1091 1999 1154 71
2016 1089 2077 1154 b.
2140 1111 2245 1154 ma
2268 1109 2423 1176 quer
2462 1111 2503 1152 a
2529 1107 2805 1173 ranquer
2832 1088 2916 1152 da
2949 1087 3214 1152 dev-cheu
3252 1085 3465 1171 (meus

545 1209 757 1253 sermo
803 1186 995 1252 debet
1036 1186 1310 1271 servari)
1352 1189 1434 1252 56
1449 1188 1511 1254 b.

836 1371 951 1440 De
991 1371 1352 1440 flexione
1392 1371 1918 1458 impersonali
1962 1381 2039 1438 et
2079 1381 2515 1460 temporum
2559 1372 3163 1461 compositione.

701 1491 1033 1558 Flexionis
1089 1491 1344 1578 imper
1363 1489 1664 1556 sonalis
1721 1490 2044 1556 adhibitae
2095 1492 2165 1557 in
2223 1493 2519 1578 passivo,
2592 1491 2757 1558 sicut
2820 1491 2890 1556 in
2944 1491 3165 1578 lingua
3216 1499 3472 1558 vetusta

537 1593 867 1659 hibernica
895 1594 984 1679 (p.
1016 1593 1192 1677 482),
1240 1591 1531 1677 exempla
1574 1591 1935 1658 britannica
1975 1616 2171 1681 supra
2210 1593 2459 1680 prolata
2488 1604 2654 1660 sunt.
2742 1592 2872 1660 Sed
2918 1592 3191 1674 vian
3236 1591 3471 1678 quibus

539 1702 865 1760 coercetur
919 1694 1026 1762 hic
1083 1694 1376 1762 flexionis
1420 1695 1646 1761 modus
1704 1695 1775 1759 in
1818 1703 2072 1761 vetusta
2112 1694 2359 1781 lingua,
2416 1695 2619 1780 magis
2672 1694 3001 1782 magisque
3054 1695 3350 1760 laxantur
3400 1693 3473 1757 in

532 1795 906 1860 recentiore.
1003 1795 1064 1862 E
1106 1797 1372 1882 passivo
1433 1795 1663 1862 transit
1703 1794 1772 1860 in
1815 1795 2123 1878 activum,
2179 1818 2257 1862 ac
2305 1819 2689 1900 pronomen,
2748 1796 2915 1883 quod
2960 1805 3152 1862 antea
3191 1795 3475 1882 oportuit

539 1897 738 1984 infigi,
785 1919 934 1964 esse
975 1907 1188 1984 potest
1225 1897 1468 1965 formae
1513 1899 1864 1966 absolutae.
1952 1895 2166 1965 Pauca
2207 1881 2521 1966 eiusmodi
2567 1897 2856 1984 exempla
2896 1896 3219 1965 cambrica
3258 1895 3473 1983 profe-

539 2011 758 2066 rentur
800 1999 982 2080 infra,
1029 2001 1139 2067 ubi
1169 2001 1416 2067 dicetur
1463 2000 1544 2068 de
1572 1999 2047 2068 constructione
2087 2000 2269 2066 verbi
2312 1999 2801 2067 cambrici.1n
2828 2022 3215 2067 communem
3259 2009 3473 2065 autem

535 2123 722 2168 usum
781 2101 940 2167 abiit
992 2101 1164 2168 idem
1219 2103 1442 2169 modus
1495 2103 1568 2170 in
1621 2101 1913 2168 dialectis
1970 2103 2231 2210 cornica
2284 2111 2351 2168 et
2402 2100 2783 2184 aremorica3
2845 2125 2882 2169 e
2933 2101 3473 2189 frequentissimis

539 2203 850 2290 exemplis
897 2205 1054 2270 satis
1099 2206 1220 2272 erit
1259 2205 1422 2272 haec
1464 2204 1777 2272 attulisse.

715 2303 1021 2372 Comica:
1067 2328 1163 2370 me
1205 2330 1246 2370 α
1289 2309 1422 2394 yria
1465 2307 1720 2393 (credo)
1765 2306 1840 2371 Ρ.
1874 2305 1977 2388 63,
2008 2307 2067 2371 2.
2117 2305 2258 2386 126,
2296 2307 2351 2369 1.
2398 2306 2541 2388 200,
2572 2307 2633 2372 4.
2678 2307 2825 2388 230,
2857 2307 2921 2372 4.
2986 2317 3043 2370 te
3068 2331 3113 2372 a
3138 2309 3247 2390 3610
3290 2305 3475 2393 (por-

539 2407 738 2490 tabis)
791 2408 928 2488 174,
970 2408 1029 2472 2.
1105 2419 1160 2472 te
1201 2433 1242 2474 a
1277 2409 1399 2494 yle,
1443 2433 1526 2495 ny
1570 2435 1613 2475 a
1649 2409 1744 2494 yll
1784 2408 2020 2494 (potes,
2064 2407 2439 2494 possumus)
2484 2409 2585 2490 22,
2615 2411 2675 2475 4.
2726 2409 2823 2490 12,
2856 2409 2917 2473 3.
2992 2431 3077 2492 ny
3118 2430 3207 2472 an
3240 2430 3476 2493 pernas

541 2510 842 2595 (emimus
888 2508 1062 2592 eum)
1099 2511 1237 2590 105,
1272 2511 1330 2576 2.
1400 2513 1536 2598 why
1579 2535 1622 2578 a
1649 2511 1796 2598 erqh
1839 2510 2186 2598 (poscetis)
2236 2512 2374 2592 170,
2410 2512 2464 2574 1.
2529 2533 2626 2597 wy
2668 2533 2711 2575 a
2745 2511 2885 2597 qyff
2920 2509 3313 2596 (invenietis,
3356 2509 3477 2576 ba-

543 2610 814 2695 bebitis)
859 2611 961 2693 37,
994 2613 1054 2677 3.
1131 2613 1269 2698 why
1310 2636 1396 2676 an
1435 2613 1652 2680 elewae
1693 2613 1997 2698 (audistis
2042 2612 2216 2697 eum)
2270 2611 2372 2694 95,
2420 2613 2477 2676 1.
2550 2634 2597 2697 y
2636 2635 2679 2676 a
2718 2634 2933 2678 armas
2974 2611 3477 2699 (clamaverunt)

541 2716 641 2796 42,
673 2716 734 2779 4.
795 2737 842 2800 y
885 2738 927 2778 a
971 2714 1192 2778 &merab
1246 2713 1602 2799 (dixerunt)
1665 2717 1766 2798 51,
1798 2717 1857 2779 3.
1934 2737 2028 2779 me
2082 2737 2153 2778 re
2192 2715 2374 2777 welae
2414 2713 2611 2799 (vidi)
2660 2715 2798 2796 123,
2842 2717 2902 2780 4.
2983 2737 3076 2780 me
3128 2735 3199 2780 rs
3254 2715 3478 2800 beyhas

545 2816 874 2903 (peccavi)
924 2817 1062 2898 104,
1093 2817 1152 2882 2.
1221 2827 1276 2882 te
1317 2815 1618 2902 releumys
1647 2816 1930 2902 (dixisti)
1980 2816 2119 2898 101,
2162 2820 2215 2881 1.
2282 2838 2366 2901 ny
2404 2837 2475 2880 re
2497 2815 2695 2902 yollas
2737 2816 3188 2902 (perdidimus)
3234 2815 3378 2898 246,
3412 2817 3475 2880 3.

534 2941 579 3003 y
607 2930 701 2984 ret
713 2919 988 3006 flamyae
1031 2917 1126 3002 (te
1156 2919 1565 3003 accusarunt)
1597 2920 1700 3000 92,
1732 2920 1792 2984 2.
1856 2941 1953 2982 me
1980 2939 2065 3003 ny
2087 2917 2256 3004 qaffe
2298 2916 2459 3002 (non
2488 2916 2925 3002 inveniebam)
2960 2921 3097 2998 116,
3129 2919 3191 2983 3.
3238 2920 3377 2998 142,
3408 2920 3475 2983 4.

711 3019 1115 3086 Aremorica:
1159 3042 1257 3086 me
1299 3043 1340 3083 a
1377 3020 1778 3106 your-eleemon
1806 3018 2199 3108 (praecipio)
2241 3019 2403 3085 Buh.
2436 3020 2536 3102 26,
2570 3020 2669 3085 22.
2738 3041 2834 3083 me
2874 3043 2916 3082 a
2932 3021 3164 3104 prede»-
3204 3021 3476 3106 (cogito,

545 3120 750 3206 curo),
795 3146 891 3186 me
923 3123 1154 3207 preder-
1199 3122 1314 3186 lem
1359 3121 1656 3206 (multum
1699 3123 1883 3206 curo)
1924 3123 1984 3204 8,
2014 3123 2075 3186 4.
2108 3122 2168 3188 9.
2248 3143 2343 3184 me
2378 3121 2614 3207 quoles,
2656 3143 2755 3184 mo
2792 3123 3049 3208 yoestlas
3092 3121 3277 3206 (vidi,
3322 3145 3482 3208 spo-

547 3222 745 3309 pondi
789 3223 896 3307 ea)
939 3224 1042 3306 88,
1075 3223 1177 3288 23.
1229 3224 1368 3304 158,
1405 3224 1502 3288 14.
1565 3245 1665 3288 me
1706 3249 1747 3290 a
1789 3225 1953 3288 laeso
1996 3221 2415 3310 (relinquam)
2458 3223 2518 3303 8,
2552 3225 2609 3288 7.
2678 3246 2719 3286 α
2762 3233 2817 3287 te
2860 3247 2903 3288 a
2944 3223 3042 3287 dle
3083 3222 3397 3307 (debesne
3412 3224 3477 3308 Ρ)

549 3325 688 3406 162,
727 3325 822 3387 19.
887 3345 971 3410 ny
1012 3324 1122 3388 hoz
1165 3325 1247 3389 les
1289 3324 1438 3408 (vos
1479 3324 1933 3412 relinquimus)
1982 3326 2079 3406 16,
2112 3327 2170 3391 5.
2227 3346 2311 3409 ny
2356 3324 2578 3408 apedo
2619 3322 2968 3411 (petemus)
3018 3325 3115 3406 16,
3146 3325 3207 3389 9.
3264 3325 3391 3410 huy
3436 3351 3483 3389 a

541 3425 718 3511 qualo
762 3423 1128 3508 (videbitis)
1179 3426 1316 3506 100,
1349 3425 1410 3490 8.
1475 3450 1518 3490 α
1558 3425 1681 3510 huy
1713 3425 1918 3512 prqffe
1974 3425 2091 3508 (an
2130 3424 2490 3512 probaretis
2504 3423 2566 3509 Ρ)
2614 3425 2753 3506 170,
2788 3427 2885 3490 12.

715 3525 879 3592 Οιιιιι
919 3525 1041 3592 hac
1081 3524 1358 3592 flexione
1415 3525 1830 3613 impersonali
1882 3527 1953 3590 in
1995 3525 2203 3592 isdem
2246 3525 2541 3590 dialectis
2586 3525 2765 3590 varia
2800 3535 3158 3612 temporum
3214 3547 3481 3612 compo—

547 3625 696 3690 sitio
743 3635 808 3691 et
848 3626 1348 3713 circumscriptio
1391 3626 1740 3692 increbruit
1756 3677 1773 3708 ,
1830 3626 2121 3714 inprimis
2164 3625 2555 3718 constructio
2597 3627 2921 3711 participii
2964 3627 3291 3712 praeteriti
3332 3649 3483 3693 cum

546 3727 739 3794 verbo
787 3727 1182 3794 substantivo
1241 3727 1411 3794 facta
1463 3727 1544 3792 ad
1587 3728 2014 3814 significanda
2065 3729 2247 3796 verbi
2300 3749 2439 3815 pas
2459 3727 2615 3793 sivi
2658 3735 2947 3815 tempora
2997 3738 3125 3794 tam
3176 3727 3483 3813 primaria

547 3851 734 3914 quam
777 3829 1170 3912 secundaria,
1219 3852 1480 3915 quorum
1522 3828 1760 3896 formae
1804 3831 2129 3918 simplices
2172 3830 2375 3916 magis
2420 3838 2711 3895 servatae
2755 3837 2905 3896 sunt
2945 3831 3015 3894 in
3042 3829 3264 3914 lingua
3305 3851 3480 3894 cam-

545 3931 740 3996 brica.
837 3931 1292 4017 Adiunguntur
1345 3941 1557 3996 autem
1600 3931 1697 3997 sic
1739 3930 2111 4017 participio,
2168 3931 2237 3996 in
2278 3953 2404 4016 quo
2446 3930 2636 3996 modo
2692 3939 3010 4011 servatur,
3070 3929 3256 3995 modo
3308 3932 3485 4015 perit

543 4031 645 4097 vis
687 4032 1014 4118 praeteriti
1057 4033 1330 4118 (amata
1371 4053 1526 4096 sum.
1558 4031 1630 4114 je
1666 4032 1793 4096 suis
1834 4031 2055 4117 aime),
2100 4053 2242 4098 cum
2270 4033 2374 4118 (a)
2416 4033 2615 4098 verba
2654 4030 2973 4098 defectiva
3013 4032 3333 4097 variarum
3372 4057 3481 4098 ra-

548 4134 774 4216 dicum,
819 4144 950 4199 tum
994 4132 1093 4217 (b)
1137 4133 1376 4198 formae
1397 4133 1654 4200 radicis
1701 4131 1796 4197 bu.

720 4234 1003 4303 Cornica
1031 4235 1338 4322 exempla.
1412 4235 1483 4320 a)
1527 4234 1748 4301 Praes.
1779 4232 1963 4321 prim.
1996 4230 2309 4298 variarum
2338 4232 2655 4299 radicum:
2692 4257 2828 4319 pan
2858 4235 2936 4317 of
2934 4233 3159 4319 syth-²18
3188 4232 3483 4318 (quando

545 4337 836 4404 devictus
881 4337 1049 4422 sum)
1093 4335 1176 4401 D.
1211 4337 1348 4401 146.
1415 4352 1585 4421 y3ew
1621 4357 1844 4421 premys
1886 4332 2247 4420 (probatum
2294 4333 2422 4418 est)
2464 4333 2539 4402 P.
2571 4336 2672 4416 85,
2706 4336 2764 4400 2.
2832 4335 2931 4398 del
2966 4357 3065 4420 φο
3106 4335 3331 4419 emjfys
3376 4333 3483 4418 (ut

547 4439 856 4525 scriptum
901 4439 1030 4522 est)
1091 4440 1192 4520 21,
1237 4442 1284 4502 1.
1348 4439 1446 4521 73,
1490 4440 1549 4503 2.
1601 4439 1741 4518 186,
1771 4437 1834 4499 4.
1888 4437 2031 4516 206,
2063 4434 2123 4499 2.
2198 4435 2297 4498 del
2342 4457 2493 4520 yma
2545 4436 2759 4521 sev-yfis
2815 4435 2966 4520 (id.)
3020 4435 3163 4518 209,
3204 4440 3256 4500 l.
3332 4435 3483 4520 byth

547 4563 724 4606 reson
766 4557 839 4626 30
881 4543 1018 4626 la3e
1057 4563 1283 4628 nynqes
1326 4541 1514 4627 lcffys
1569 4538 1776 4625 (nulla
1817 4557 2017 4603 causa
2057 4535 2389 4602 occidendi
2436 4545 2537 4602 est
2576 4535 2867 4620 inventa)
2916 4537 3054 4617 128,
3087 4539 3146 4602 4.
3202 4536 3483 4622 kymms

545 4665 614 4706 ve
655 4646 883 4731 ordnye
926 4643 1271 4731 (quidquid
1299 4643 1652 4709 ordinatum
1685 4638 1815 4723 est)
1845 4640 1947 4719 24,
1981 4639 2040 4701 2.
2128 4634 2346 4703 Praes.
2395 4658 2557 4704 sec.:
2604 4637 2870 4705 barabas
2909 4639 3055 4726 ytlm
3094 4637 3324 4724 qylwys
3364 4635 3481 4719 (B.

548 4746 923 4831 vocabatur)
967 4745 1040 4810 P.
1078 4747 1218 4827 124,
1254 4747 1307 4810 1.
1375 4744 1476 4810 bos
1515 4743 1660 4810 mab
1703 4744 1789 4808 du
1831 4741 1946 4806 neb
1986 4747 2021 4804 o
2064 4739 2225 4827 lewe
2265 4738 2445 4824 (esse
2485 4739 2687 4805 filium
2724 4739 2829 4806 dei
2872 4739 2983 4827 qui
3024 4739 3278 4806 occisus
3308 4739 3481 4822 erat)

547 4848 691 4928 210,
724 4850 784 4912 4.
851 4849 1018 4912 tellet-
1063 4847 1206 4934 vytlt
1249 4867 1450 4934 nynqo
1491 4845 1660 4929 keffis
1717 4845 1928 4929 (locus
1970 4843 2185 4910 nullus
2226 4844 2525 4908 inventus
2564 4850 2727 4926 erat,
2780 4842 2893 4909 ubi
2946 4850 3138 4930 caput
3177 4841 3481 4928 poneret)

548 4950 695 5030 206,
729 4952 786 5014 4.

717 5049 782 5134 ὁ)
827 5050 1046 5118 Praes.
1091 5052 1274 5139 prim.
1317 5052 1554 5118 radicis
1599 5051 1678 5116 bu
1721 5051 1927 5136 (fut.:)
1974 5047 2074 5112 det
2112 5049 2313 5132 ve3ezff
2348 5047 2733 5112 kambr-oulen}
2773 5045 3119 5133 (quomodo
3164 5045 3483 5130 abducar)

546 5149 620 5216 Ρ.
652 5152 753 5234 61,
782 5154 846 5217 4.
914 5154 1074 5218 avell
1115 5154 1202 5218 du
1239 5175 1285 5239 y
1323 5153 1558 5240 fethyth
1594 5155 1770 5241 quo-223
1813 5152 2015 5238 (sicut
2057 5150 2216 5217 deus
2258 5151 2407 5233 fies)
2452 5152 2511 5233 6,
2539 5151 2601 5216 4.
2664 5170 2845 5214 mara
2880 5161 3043 5236 pssa
3084 5149 3332 5235 ἀθρῶ..
3358 5169 3484 5233 „yn
