3717 5642
1255 413 1660 462 moos-imm
1703 413 2037 463 nnn-oms.
2782 392 3119 461 XXXVII

185 579 424 646 ralibus
465 589 610 646 orta
663 580 876 676 minus
917 589 1092 647 recte
1135 581 1489 663 statuerat*,
1533 582 1638 648 vel
1679 581 1885 650 isdem
1928 583 2233 669 deceptus
2276 601 2481 646 novos
2526 580 2800 663 admisit,
2844 587 2917 644 ut
2958 601 3121 667 quae

187 690 264 755 de
295 714 382 754 na
423 689 826 776 pronominis
853 689 1056 757 forma
1097 713 1294 777 supra
1317 693 1824 759 memoravimus.
1914 692 2047 760 Sed
2074 692 2235 758 haec
2265 690 2595 758 hactenus.
2680 690 2865 773 Quae
2910 699 3123 755 autem

189 811 298 862 aut
339 799 792 866 convenientia
834 821 980 866 cum
1027 801 1142 882 iis,
1204 823 1368 888 quae
1409 803 1598 870 nobis
1651 813 1718 868 et
1759 801 2059 870 Stokesio
2104 801 2507 888 placuerunt,
2569 811 2678 867 aut
2720 823 2891 866 nova
2932 800 3123 887 plane

191 910 332 993 ipse
374 919 766 996 reppererat,
812 909 972 976 haec
1013 909 1146 976 fere
1191 911 1551 978 invenimus
1595 912 1913 978 adnotata.

357 1018 466 1084 Ex
503 1019 854 1088 hibernicis
899 1042 1210 1088 excussae
1255 1042 1574 1088 consonae
1619 1021 1927 1108 exemplis
1972 1021 2101 1106 (ed.
2135 1020 2187 1087 Ι.
2234 1043 2295 1108 p.
2328 1021 2441 1106 20)
2504 1020 2783 1106 dempsit
2822 1021 2963 1085 sta'n
3007 1019 3123 1106 (gl.

197 1129 520 1214 stagnum)
567 1129 676 1215 Sg.
711 1131 832 1212 73⁵,
879 1153 1006 1218 qua
1047 1131 1212 1198 falsa
1255 1130 1498 1198 codicis
1543 1131 1890 1217 scriptione
1936 1129 2306 1199 Stokesium
2348 1153 2601 1218 quoque
2646 1129 2871 1213 (Goid.
2906 1130 3019 1214 70)
3064 1139 3129 1196 et

198 1241 300 1325 qui
349 1262 496 1305 eum
539 1249 911 1326 sequeretur
955 1240 1428 1308 Schleicherum
1474 1239 1867 1327 (Iudogerm.
1915 1238 2361 1308 chrestomath.
2409 1263 2470 1326 p.
2506 1241 2661 1326 354)
2708 1240 2915 1326 decipi
2965 1238 3127 1305 vidi-

199 1373 364 1430 mus;
421 1349 754 1416 adnotavit
811 1359 1026 1418 autem
1067 1351 1254 1418 haec:
1314 1351 1396 1436 gl.
1443 1361 1770 1434 stannum,
1825 1351 1894 1416 in
1939 1350 2162 1419 codice
2206 1351 2527 1438 stagnum!
2586 1349 2743 1417 O'R.
2788 1362 2957 1430 stan,
3012 1351 3128 1414 tin.

203 1459 584 1528 Rectissime
625 1481 798 1526 vero,
887 1459 1050 1526 Nam
1097 1462 1346 1528 etiamsi
1386 1461 1454 1527 in
1501 1461 1792 1528 omnibus
1823 1459 2144 1528 Prisciani
2188 1462 2371 1529 libris
2401 1461 2494 1546 (5,
2532 1463 2631 1543 10,
2665 1459 2779 1545 54)
2824 1459 3131 1547 scriptum

203 1579 372 1636 extat
411 1583 722 1656 staynum,
767 1579 979 1636 tamen
1023 1593 1234 1658 neque
1277 1571 1358 1638 de
1387 1581 1614 1658 stagno
1659 1571 1983 1658 cogitasse
2024 1571 2445 1655 glossatorem
2486 1570 2867 1637 monachum
2896 1569 3133 1636 Hiber-

203 1703 364 1761 num,
411 1691 480 1746 et
523 1702 643 1746 suo
688 1681 828 1746 iure
873 1681 1152 1748 editores
1195 1705 1232 1748 e
1261 1681 1658 1748 correctione
1687 1679 1989 1747 editionis
2017 1681 2462 1748 Ascensianae
2490 1679 2817 1769 recepisse
2844 1693 3133 1746 stannum

203 1792 510 1878 probatur
562 1800 690 1856 tam
745 1801 1046 1858 contextu
1090 1792 1434 1871 sermonis,
1489 1814 1614 1879 quo
1673 1790 1927 1877 quidem
1982 1802 2134 1876 post
2174 1790 2431 1856 metalla
2486 1791 2811 1858 nominata
2860 1789 3131 1872 (aurum,

207 1911 558 1986 argentum,
605 1922 736 1982 aes,
783 1901 1138 1987 plumbum)
1182 1903 1536 1988 requiratur
1575 1923 1808 1968 nomen
1848 1899 2109 1979 metalli,
2154 1921 2339 1986 quam
2384 1899 2729 1966 hibernicis
2770 1899 2993 1966 formis
3036 1921 3135 1964 re·

208 2011 604 2077 centioribus
653 2018 718 2075 et
741 2009 1090 2092 hodiernis,
1141 2021 1211 2076 ut
1251 2011 1376 2076 iam
1417 2011 1486 2076 in
1515 2011 1753 2096 glossis
1797 2009 2149 2078 hibernicis
2195 2032 2236 2076 a
2262 2009 2559 2078 Stokesio
2604 2009 2796 2076 editis
2840 2009 2999 2075 haec
3040 2009 3137 2074 in-

207 2123 576 2188 veniuntur:
623 2119 748 2186 hoc
791 2131 1085 2186 stannum
1125 2119 1284 2186 sdan
1325 2121 1410 2205 gl.
1444 2121 1587 2202 789,
1631 2120 1737 2186 hic
1781 2129 2065 2188 staneus.
2110 2143 2165 2186 a.
2212 2143 2315 2186 um
2344 2119 2724 2185 stanamkail
2762 2119 2846 2205 gl.
2878 2119 3022 2184 610.
3054 2155 3137 2166 -

207 2232 500 2300 Similem
553 2231 1100 2316 interpretationis
1155 2231 1613 2298 correctionem
1630 2279 1648 2312 ,
1707 2232 1829 2298 etsi
1882 2253 2013 2296 non
2058 2231 2341 2318 plenam,
2402 2229 2691 2296 adhibuit
2742 2229 2825 2295 ad
2868 2251 2931 2315 p.
2979 2229 3138 2294 454:

204 2342 602 2422 conicfimmis
643 2340 860 2425 adiyal
910 2340 1275 2426 (possemus
1319 2341 1575 2424 ulcisci)
1637 2351 1702 2407 et
1742 2364 1798 2427 Ρ.
1829 2343 1987 2407 455:
2046 2343 2367 2420 cicladum
2410 2339 2567 2424 (etsi
2606 2339 2875 2427 patior);
2933 2362 3142 2404 emen·-

209 2451 356 2516 date
403 2461 764 2534 utrumque,
813 2450 868 2514 si
913 2450 1156 2518 adicias
1196 2473 1549 2537 pronomen
1589 2451 1740 2536 (id).
1823 2451 2075 2517 Eodem
2117 2452 2423 2538 pertinet,
2488 2449 2657 2536 quod
2702 2471 2737 2514 e
2780 2449 2977 2516 variis
3018 2449 3144 2516 for-

205 2561 330 2626 mis
375 2579 714 2646 perperam
773 2557 854 2624 ad
895 2559 1172 2626 radicem
1215 2559 1308 2628 Ic
1365 2561 1582 2628 relatis
1625 2585 1688 2647 p.
1729 2563 1860 2628 494
1921 2583 2113 2628 unam
2158 2561 2383 2627 saltem
2426 2557 2686 2625 sustulit
2734 2569 2909 2626 recta
2950 2560 3144 2625 inter-

203 2671 596 2754 pretatione:
645 2681 986 2734 aoumactte
1027 2671 1267 2755 nanqid
1310 2671 1724 2757 (potestatem
1753 2672 2079 2758 nequam),
2124 2671 2203 2736 de
2232 2692 2357 2756 quo
2394 2671 2682 2758 exemplo
2726 2669 2971 2756 pridem
3015 2669 3146 2735 dis-

207 2782 530 2846 seruimus
562 2777 796 2863 (Beitr.
827 2778 916 2843 ΙΙ.
949 2781 1094 2864 64);
1140 2779 1243 2846 vel
1274 2781 1442 2867 quod
1487 2780 1867 2868 quibusdam
1896 2780 2207 2868 exemplis
2238 2780 2707 2846 coniunctionis
2734 2779 2869 2843 sech
2910 2779 3145 2846 additis

209 2891 288 2954 ad
331 2913 399 2976 p.
431 2891 562 2956 682
619 2888 950 2955 subiunxit
989 2889 1604 2976 interpretationem:
1661 2891 1873 2978 quoad
1929 2891 2149 2977 (quiai'
2203 2911 2378 2972 nam,
2436 2911 2663 2975 nempe
2676 2889 2755 2974 Ρ).
2858 2888 3033 2954 Idem
3079 2889 3147 2954 in

209 3000 532 3087 exemplis
577 2999 938 3085 praesentis
981 2999 1342 3066 secundarii
1389 3001 1492 3066 bin
1536 2999 1811 3085 (essem)
1870 3001 1951 3066 ad
1996 3023 2057 3088 p.
2100 3002 2227 3067 482
2280 2999 2549 3066 adiectis
2590 2999 2809 3085 posuit
2862 3001 3145 3063 ndmmin

207 3137 272 3162 =
311 3107 646 3174 nei-m-bin
705 3109 1028 3196 (quamvis
1083 3110 1480 3196 improbante
1525 3109 1750 3178 Whitl.
1795 3109 2125 3195 Stokesio)
2138 3161 2155 3194 ,
2222 3111 2394 3198 quod
2446 3109 2631 3176 aliter
2696 3111 3147 3196 interpretatus

206 3229 343 3284 erat
385 3243 455 3306 p.
492 3220 638 3285 70⁴2.
1721 3305 1728 3312 .

374 3327 496 3395 Ad
539 3350 844 3396 sonorum
885 3327 1170 3416 regulam
1213 3339 1524 3416 spectant,
1570 3351 1734 3417 quae
1777 3329 1860 3396 ad
1903 3351 1967 3417 pr.
1998 3331 2081 3396 68
2134 3330 2435 3416 apposuit
2474 3338 2548 3396 ut
2588 3330 2882 3417 exempla
2924 3351 3152 3396 conso-

205 3461 326 3504 nae
381 3463 424 3504 υ
479 3461 614 3504 una
665 3459 810 3504 cum
861 3438 1288 3526 praecedente
1339 3441 1546 3507 vocali
1601 3439 2083 3507 evanescentis:
2150 3443 2315 3525 posit
2367 3439 2779 3526 (positivus),
2852 3443 3155 3525 comparit

210 3548 780 3635 (comparativus),
825 3551 1082 3635 superbit
1122 3549 1631 3636 (superlativus),
1678 3555 1745 3617 έο
1785 3549 2037 3635 (mors),
2083 3549 2315 3634 quibus
2357 3572 2555 3614 unum
2595 3573 2717 3616 nos
2761 3549 2854 3636 (p.
2888 3549 3001 3633 58)
3046 3549 3157 3614 ad-

213 3657 500 3724 didimus
545 3662 704 3741 dm,
746 3660 850 3724 des
889 3657 1194 3744 (dexter).
1293 3657 1554 3728 Plenius
1596 3681 1750 3726 vero
1791 3659 1901 3726 ille
1946 3659 2027 3724 de
2054 3660 2111 3742 f
2143 3659 2212 3723 in
2242 3658 2279 3723 b
2319 3656 2495 3742 (hod.
2528 3658 2633 3742 hh)
2678 3659 2923 3724 mollita
2950 3659 3157 3725 disse-

211 3772 332 3836 ruit
375 3770 554 3836 locis
585 3768 1037 3855 compluribus.
1122 3768 1254 3852 Qui
1299 3793 1440 3837 cum
1471 3771 1654 3836 uncis
1699 3769 2087 3850 inclusisset,
2135 3789 2298 3856 quae
2328 3769 2481 3834 olim
2522 3791 2585 3855 p.
2617 3771 2698 3834 46
2744 3778 3160 3855 praeceperat

215 3879 286 3946 de
331 3881 370 3944 b
415 3877 876 3968 pronominum
919 3877 1012 3942 sib
1054 3878 1236 3964 (vos)
1281 3889 1347 3946 et
1389 3879 1504 3946 bar
1535 3879 1830 3965 (vester),
1880 3879 2183 3966 ascripsit
2220 3879 2411 3945 haec:
2456 3872 2563 3944 ‘cf.
2604 3902 2669 3966 p.
2702 3880 2805 3944 66.
2844 3881 2925 3944 72
2972 3888 3037 3944 et
3064 3879 3157 3943 ibi

171 4011 184 4026 ·
216 3979 569 4056 adnotatai'.
657 3989 1016 4054 Adnotavit
1069 3997 1278 4055 autem
1319 4011 1451 4056 non
1496 3990 1700 4056 solum
1741 3990 1824 4055 ad
1864 4012 1929 4075 p.
1958 3991 2072 4055 66.
2124 3980 2213 4052 ‘B
2254 4011 2373 4074 pro
2400 3989 2474 4073 f.
2530 3989 2887 4056 sacarbaice
2929 3987 3158 4073 (sacri-

217 4100 500 4185 ficium),
541 4097 760 4182 sebach
783 4097 1054 4178 fellsube
1113 4097 1596 4223 (philosophus,
1653 4097 2120 4188 philosophia),
2178 4097 2460 4164 abamet‘n
2502 4097 2743 4184 (optat)
2792 4097 2973 4164 iuxta
3016 4099 3160 4183 asa-

221 4207 462 4292 stema}
515 4209 635 4275 sed
681 4209 872 4274 etiam
917 4208 1000 4273 ad
1039 4231 1103 4294 p.
1137 4209 1247 4290 88,
1307 4209 1514 4295 prima
1553 4209 1921 4276 infectionis
1965 4207 2371 4276 destituentis
2413 4207 2690 4295 vestigia
2742 4209 3023 4273 inveniri
3066 4207 3160 4272 di-

221 4341 362 4387 cens
405 4320 550 4386 iam
593 4317 662 4382 111
705 4326 960 4384 vetusta
999 4317 1220 4404 lingua
1261 4318 1592 4386 hibernica
1631 4341 1848 4407 praep.
1896 4321 2017 4386 dar
2058 4341 2173 4405 pro
2218 4330 2337 4400 tar,
2381 4341 2563 4404 pron.
2608 4341 2782 4405 poss.
2830 4319 2907 4382 do
2951 4315 3161 4402 (tuus)

225 4449 326 4513 pro
368 4444 464 4512 to,
537 4428 752 4515 pergit
804 4427 906 4494 his
949 4427 1196 4494 verbis:
1265 4421 1482 4516 ‘atque
1527 4429 1712 4512 barn,
1771 4430 1889 4494 bar
1944 4428 2218 4514 (vester)
2271 4427 2635 4514 frequenter
2688 4429 2991 4514 scriptum
3046 4449 3161 4514 pro

219 4539 384 4618 swa.
417 4540 588 4618 far,
635 4537 820 4604 cuius
863 4537 900 4602 b
939 4560 1070 4604 non
1111 4537 1522 4625 primitivam,
1571 4541 1688 4606 sed
1729 4561 1812 4606 ex
1846 4541 1894 4622 f
1924 4539 2231 4606 mollitam
2273 4539 2619 4604 ostendunt
2656 4561 2919 4625 praepp.
2963 4541 3015 4618 i,
3058 4540 3163 4601 iar

227 4649 658 4730 praemissae,
703 4667 836 4711 non
876 4647 964 4727 in,
1005 4647 1206 4730 iarm,
1251 4659 1323 4714 ut
1361 4649 1438 4713 fit
1477 4659 1624 4716 ante
1670 4649 1705 4714 h
1745 4640 2171 4735 primitivam?
2262 4646 2509 4715 Eadem
2568 4647 2801 4713 additis
2856 4647 3163 4731 exemplis

231 4757 404 4822 modo
452 4755 768 4821 disertius
813 4755 1000 4822 modo
1047 4758 1304 4824 brevius
1347 4760 1620 4847 repetita
1661 4769 1812 4826 sunt
1853 4758 1935 4824 ad
1978 4781 2087 4845 pp.
2134 4760 2235 4823 72.
2280 4759 2422 4824 344.
2472 4759 2595 4823 346
2617 4807 2633 4838 ,
2678 4757 2935 4823 tandem
2976 4756 3057 4821 ad
3098 4777 3164 4842 Ρ.

235 4868 362 4934 580.
451 4866 686 4949 Quare
731 4865 1008 4932 dubitari
1061 4869 1174 4934 vix
1216 4869 1475 4955 poterit,
1536 4869 1692 4958 quin
1733 4869 1905 4956 ipse,
1962 4869 2021 4934 si
2062 4867 2223 4935 haec
2266 4867 2481 4934 studia
2522 4867 2687 4932 ultra
2726 4867 3009 4954 proferre
3052 4887 3167 4952 per

361 5133 387 5160 ·
435 5132 517 5185 De
553 5129 748 5200 quibus
792 5129 854 5182 cf.
893 5145 1028 5199 quae
1065 5131 1349 5186 Whitleius
1383 5133 1564 5188 Stokes
1607 5137 1663 5188 et
1705 5147 1800 5188 nos
1846 5134 2083 5188 certafim
2130 5133 2546 5201 disputavimus:
2616 5131 2772 5184 Beitr.
2808 5130 2847 5183 I.
2898 5131 3007 5181 106.
3048 5131 3167 5182 354.

243 5214 298 5270 11.
327 5219 394 5272 64
417 5234 500 5287 η.
575 5215 670 5270 111.
704 5221 824 5272 280.
896 5215 962 5272 v.
997 5219 1218 5272 33-37,
1255 5247 1320 5260 -
1355 5219 1448 5274 111.
1482 5225 1566 5275 61.
1601 5225 1720 5276 sss.
