3717 5642
661 338 785 403 968
834 340 972 401 (954-
994 340 1114 403 955)
1330 334 1445 401 VI.
1492 338 1550 403 2.
1624 330 2096 403 σοΝετΒυοτιο
2139 352 2428 402 romum
2473 354 2906 402 Bm‘mmmca.

1260 526 1449 585 audax
1490 525 1806 601 compulsio
1844 521 1923 581 ad
1961 522 2244 599 proelium
2281 522 2510 599 prolata
2547 530 2650 582 est.

1260 636 1373 676 uon
1414 619 1739 676 conservari
1782 636 1893 676 nec
1931 618 2098 674 hasta
2136 635 2243 674 nec
2281 624 2524 689 scutum,
3591 684 3593 697 Ι

1258 732 1372 769 non
1412 718 1606 788 potest
1642 712 1942 784 habitatam,
1984 729 2132 786 quae
2171 711 2388 771 nutrita
2429 718 2568 787 erat,
3593 762 3596 983 Ι

1260 807 1333 863 ab
1374 806 1493 864 ictu
1533 806 1725 865 bellici
1763 804 2066 877 tumultus,
2109 822 2222 879 quo
2261 816 2581 882 pugnatum
2620 810 2763 867 est.’'

828 928 959 995 Hic
993 951 1245 1015 quoque
1275 938 1527 993 vetusta
1558 927 1904 1013 scriptione
1948 926 2239 991 restituta
2280 927 2636 991 restituitur
2677 927 3040 994 allitteratio
3071 930 3140 993 in
3171 930 3496 1014 quibusdam:
3593 986 3595 1011 ἓ

656 1036 727 1095 ni
758 1031 769 1113 Ι
808 1030 976 1095 cilici
1037 1052 1072 1094 ο
1109 1028 1119 1111 Ι
1158 1052 1494 1115 campaun3
1560 1050 1667 1093 rac
1704 1030 1713 1096 1
1755 1028 1944 1093 bodin
1979 1027 1992 1111 Ι
2024 1028 2368 1112 quoltodin
2421 1028 2839 1114 ραοΙιεσΙιιιίες
2905 1052 2984 1094 ar
3021 1030 3034 1113 Ι
3071 1030 3334 1094 &eichen
3373 1029 3498 1110 Ιὸωι-

660 1130 890 1197 Ιιααίε.*

825 1230 1143 1318 Exempla
1196 1233 1650 1297 consonantiae
1716 1232 2071 1315 bisyllabae
2129 1239 2191 1295 et
2254 1232 2542 1297 internae
2609 1226 2872 1317 praebet
2931 1252 3186 1295 carmen
3239 1230 3500 1299 Taliesino.

660 1334 911 1420 aequali
952 1333 1288 1413 Auem-ini,
1334 1334 1635 1398 tributum
1679 1332 1745 1397 in
1789 1332 2150 1398 narratione
2193 1332 2273 1397 de
2317 1331 2440 1397 hoc
2469 1341 2661 1418 poeta
2704 1333 2919 1398 addita
2962 1332 3226 1398 editioni
3275 1334 3503 1397 nmatio-
3595 1390 3597 1393 Α

659 1458 812 1501 num
865 1433 1106 1501 codicis
1160 1436 1333 1500 rubri
1389 1433 1591 1517 (Mab.
1640 1436 1905 1513 3‚,348.
1966 1436 2116 1511 3493
2179 1433 2257 1499 cf.
2312 1435 2482 1499 idem
2537 1434 2654 1499 sed
2713 1434 2895 1499 valde
2939 1445 3243 1500 mutatum
3291 1436 3356 1499 in
3391 1434 3502 1519 Myr.

658 1534 856 1601 Arch.
907 1538 971 1617 1,
1021 1536 1164 1619 36),
1212 1536 1378 1621 quod
1424 1558 1648 1599 revera
1689 1535 1880 1600 Ionas
1927 1536 2186 1599 Atlzraw
2229 1556 2262 1597 o
2310 1534 2542 1621 Fynyw
2585 1536 3029 1621 composuisse
3057 1536 3267 1615 fertur,
3307 1536 3504 1619 iuscrip-

658 1646 791 1702 tum
829 1628 1041 1700 ‘Busa
1076 1661 1119 1723 y
1162 1627 1425 1701 Beircld'
1476 1637 1660 1721 (bilis
1702 1638 1829 1718 ira,
1877 1636 2291 1719 Bardorum)‚
2338 1638 2489 1721 quia
2529 1636 2783 1702 Bardus
2833 1638 2938 1703 vel
2983 1638 3194 1723 potius
3235 1637 3504 1703 Bardorum

662 1738 817 1805 ordo
874 1738 1118 1803 invehit
1168 1738 1235 1802 in
1290 1736 1515 1804 Oleros
1567 1738 1673 1803 vel
1724 1738 2026 1824 reliquias
2082 1736 2395 1802 Druidum
2451 1738 2696 1803 ordinis
2757 1739 3062 1825 delapsas
3127 1740 3196 1805 in
3259 1752 3508 1805 cantorum
3597 1826 3599 1831 .

663 1839 1161 1905 mendicantium
1203 1862 1539 1925 pravorum
1583 1850 1836 1905 statum.
1849 1838 1913 1872 *¹*

1272 1984 1279 2047 Ι
1329 1976 1464 2033 Cler
1504 1996 1535 2033 ο
1571 1995 1702 2051 qam
1740 1980 1905 2051 arser
1941 1996 1978 2035 a
2018 1979 2274 2051 arserant

1268 2070 1279 2138 Ι
1326 2068 1485 2127 Cathl
1519 2071 1804 2129 annuwiol
1841 2091 1930 2147 μω
1972 2076 2020 2128 ei
2057 2069 2290 2127 moliant

1268 2167 1277 2235 Ι
1326 2164 1513 2221 Cerdd
1550 2183 1747 2239 arway
1788 2166 2004 2239 ddiflan
2042 2183 2079 2222 a
2115 2172 2326 2237 yanant

1275 2260 1284 2326 Ι
1331 2258 1598 2334 Celwydd
1634 2258 1737 2316 bob
1774 2278 1958 2316 amer
1996 2278 2034 2316 a
2073 2260 2329 2331 arserant

1271 2350 1625 2410 Gwirionion
1662 2353 1671 2426 Ι
1706 2352 1959 2429 ddynion
2001 2373 2037 2409 a
2071 2352 2082 2428 Ι
2117 2353 2414 2427 ἀᾱαΐαὶαπὶ

1266 2446 1501 2503 Prioa'ol
1534 2448 1800 2523 wragedd
1837 2448 1958 2521 hwy
1999 2451 2058 2503 ai
2099 2448 2346 2524 [tygram

1270 2539 1622 2599 Gwirionion
1652 2542 1990 2617 sorwyniou
2031 2544 2180 2597 mair
2218 2559 2255 2597 a
2294 2539 2556 2613 haloyant

1266 2634 1363 2691 Au
1397 2639 1405 2707 Ι
1442 2636 1563 2691 hoes
1604 2654 1681 2691 au
1714 2634 1723 2713 Ι
1758 2636 1979 2693 ham-ser
2012 2654 2091 2710 yn
2133 2637 2256 2708 oser
2297 2654 2333 2690 a
2373 2633 2650 2689 dreuliant

1270 2734 1277 2801 Ι
1326 2728 1677 2786 Gwirionion
1714 2727 1723 2805 Ι
1754 2728 2038 2803 yweinion
2079 2749 2117 2786 a
2155 2728 2452 2805 ddysalam

1278 2822 1335 2879 Y
1364 2841 1465 2879 nos
1504 2841 1541 2897 y
1579 2821 1904 2879 meddwant
1940 2842 1976 2896 y
2019 2822 2176 2899 dydd
2213 2843 2249 2897 y
2289 2820 2520 2897 cysqam

1279 2916 1366 2973 Yn
1404 2934 1568 2990 segur
1605 2915 1702 2973 heb
1742 2917 1900 2990 lasur
1936 2918 2058 2991 ydd
2091 2917 2438 2991 ymbortlaam

1278 3009 1359 3066 Yr
1397 3010 1605 3085 eqlwys
1642 3028 1681 3067 a
1713 3009 1723 3086 Ι
1754 3019 2028 3083 qassaant
2064 3029 2132 3067 ar
2171 3012 2376 3085 dasarn
2415 3032 2452 3068 a
2485 3011 2496 3085 Ι
2526 3012 2795 3086 qyrclaeant

1266 3100 1323 3157 A
1365 3100 1588 3159 lladron
1628 3120 1697 3161 ac
1734 3104 1912 3161 udion
1952 3123 1990 3160 a
2024 3104 2032 3179 Ι
2063 3104 2422 3181 qydfymiant

1262 3194 1557 3270 Llysoedd
1596 3216 1635 3255 α
1668 3198 2038 3271 qwleddoedd
2077 3218 2112 3273 y
2151 3200 2480 3273 amosynant

1269 3292 1277 3358 Ι
1320 3290 1443 3348 Pob
1478 3291 1489 3365 Ι
1516 3292 1727 3365 parabl
1764 3293 2002 3369 dibwyll
2040 3312 2078 3349 a
2113 3292 2492 3368 qrybwyllam

1268 3394 1277 3461 Ι
1322 3385 1441 3443 Pob
1475 3386 1485 3463 Ι
1512 3386 1730 3460 pechod
1768 3386 2006 3445 marwol
2043 3406 2080 3443 a
2115 3386 2440 3459 qanmolant

1269 3483 1277 3553 Ι
1322 3479 1442 3537 Pob
1481 3479 1741 3538 salwedd
1765 3480 2024 3555 suckedd
2065 3501 2102 3538 a
2141 3482 2480 3540 arweddant

1271 3578 1277 3639 Ι
1324 3574 1443 3630 Pol>
1476 3574 1486 3651 Ι
1514 3574 1741 3649 pentref
1768 3574 1779 3651 Ι
1810 3575 1920 3650 pob
1962 3574 2076 3632 tref
2103 3576 2114 3649 Ι
2141 3577 2253 3650 pob
2277 3578 2468 3651 qwlad
2491 3596 2530 3633 a
2551 3578 2878 3651 yrwydrant

1269 3666 1551 3739 Gasaelau
1591 3686 1779 3742 anyau
1816 3674 1906 3726 nis
1941 3672 2249 3745 pryderant

1264 3761 1415 3837 Lety
1455 3780 1493 3817 a
1532 3762 1779 3820 chardod
1803 3762 1951 3839 syth
1989 3782 2065 3838 ny
2101 3764 2347 3822 roddant

1267 3854 1592 3912 Gormodau
1630 3874 1661 3912 ο
1694 3856 1705 3930 Ι
1726 3855 1976 3931 fwydau
2015 3876 2050 3914 α
2086 3856 2096 3933 Ι
2116 3856 2448 3934 swythaaut

1262 3948 1527 4025 Llaswyr
1564 3968 1643 4005 na
1676 3950 1896 4023 phader
1931 3954 2022 4007 nis
2061 3954 2324 4024 arserant

1267 4054 1273 4119 Ι
1313 4044 1553 4115 Deywm
1593 4060 1659 4099 ac
1698 4046 1920 4117 offrwm
1957 4064 1993 4118 y
2027 4045 2038 4117 Ι
2072 4046 2240 4103 dduw
2277 4050 2366 4102 ‘nis
2407 4046 2580 4103 talant

1267 4136 1533 4212 Gwyliau
1570 4156 1609 4195 a
1647 4137 1851 4194 seiliau
1893 4142 1980 4194 nis
2020 4139 2296 4196 addolant

1260 4230 1552 4288 Mewiliau
1590 4251 1667 4288 aa
1705 4232 1920 4289 chatcor
1957 4235 2043 4289 nis
2083 4236 2375 4308 ymdorant

1261 4324 1425 4383 Adar
1463 4344 1501 4381 a
1538 4325 1749 4383 hedant
1780 4324 1996 4400 pysood
2036 4346 2072 4383 a
2095 4328 2322 4403 'nofiant

1260 4418 1505 4492 Gwenyn
1545 4436 1583 4475 a
1606 4418 1799 4492 selant
1830 4421 2045 4495 prffed
2081 4440 2118 4477 a
2155 4424 2471 4497 ymlusqant

1262 4522 1271 4591 Ι
1313 4512 1437 4569 Pob
1471 4512 1479 4586 Ι
1507 4512 1649 4587 petb
1696 4532 1735 4569 a
1770 4514 2024 4587 ymcleith
2062 4534 2100 4589 y
2137 4516 2316 4589 ynnill
2354 4520 2403 4572 ei
2441 4517 2720 4575 borchiant

1264 4606 1395 4664 Ond
1430 4606 1541 4661 cler
1579 4625 1616 4663 a
1657 4606 1882 4664 lladron
1919 4610 1927 4682 Ι
1963 4608 2186 4681 dioqion
2231 4605 2238 4675 Ι
2285 4610 2640 4685 dns-myniant.

786 4820 813 4846 ‘
847 4818 988 4883 Quae
1024 4821 1129 4870 tam
1166 4818 1229 4869 de
1252 4818 1516 4871 Aneurino
1552 4836 1705 4887 quam
1740 4820 1804 4871 de
1840 4822 2022 4872 ceteris
2057 4822 2277 4873 venistis
2315 4820 2650 4875 cambi-orum
2675 4824 2860 4877 Bai-dis
2895 4843 2958 4879 ac
2983 4828 3047 4880 de
3081 4827 3386 4886 carminibus
3415 4832 3510 4887 <111²e

652 4900 827 4939 eorum
864 4887 1119 4951 feruntur,
1154 4886 1233 4939 dis
1272 4890 1420 4939 utata
1455 4894 1595 4949 sunt,
1632 4889 1906 4941 novissime
1943 4890 2202 4941 recensuit
2243 4892 2320 4941 W.
2361 4891 2415 4944 F.
2451 4892 2616 4945 Skene
2651 4895 2707 4945 in
2743 4894 2873 4947 libro
2907 4910 3071 4963 supra
3105 4896 3317 4949 laudato.

788 4955 842 4981 ‘⁶
876 4954 1013 5007 Haec
1050 4956 1189 5009 vocis
1231 4903 1348 5007 (pller
1381 4957 1737 5024 interpretatio
1774 4958 1957 5024 legitur
1993 4958 2128 5022 apud
2167 4959 2430 5011 Owenum.
2501 4962 2774 5015 Monachos
2809 4965 3092 5017 eorundem
3143 4980 3322 5017 morum
3353 4956 3510 5013 saetuio

650 5022 845 5074 decimo
881 5023 987 5089 lege
1032 5024 1239 5091 publica
1282 5026 1555 5091 castigavit
1596 5024 1828 5091 Edgarus
1873 5026 2088 5092 Aug-liae
2123 5042 2207 5077 rex
2248 5028 2330 5090 (cs.
2367 5030 2704 5093 San-Marte,
2737 5033 3060 5103 Arthursage
3095 5051 3148 5102 p.
3185 5036 3282 5097 23).
3341 5030 3402 5081 De
3429 5038 3507 5077 πθ·

652 5092 857 5144 muricis
890 5090 1053 5145 Cleris
1086 5093 1243 5145 etiam
1276 5092 1539 5147 hodiernis
1574 5094 1638 5147 ef.
1680 5094 1880 5149 Villem.
1916 5093 2195 5158 Ram-Bt„
2231 5096 2392 5162 praef.
2425 5114 2480 5165 p.
2513 5098 2773 5153 XXXVI.
