3717 5642
1052 405 1188 472 111:
1219 407 1278 471 2.
1352 423 1568 472 vnum
1613 423 1791 472 nm.
1835 421 2179 471 monum.
2980 407 3105 474 589

199 605 346 679 preat
384 617 426 657 a
467 613 594 656 wre
635 591 972 678 (quantum
1014 591 1318 658 bonitatis
1364 615 1613 680 semper
1639 590 1944 674 faciebat)
1972 589 2055 656 D.
2092 591 2277 660 3096.
2335 613 2417 655 cm
2448 591 2665 676 temple
2701 615 2745 677 y
2784 613 2909 656 wre
2936 606 3102 681 tem-y

205 693 514 780 (templum
561 716 632 759 se
673 693 1035 777 fracturum,
1091 695 1410 779 dicebat),
1460 717 1504 780 y
1545 693 1732 776 wrese
1769 715 1812 776 y
1857 691 2159 756 threheuel
2197 693 2441 780 (ipsum
2482 691 2547 756 id
2598 696 2976 778 erecturum)
3018 695 3099 760 D.

207 799 365 862 1309.
415 799 598 862 1316.
669 795 1006 882 datberylzy
1046 819 1129 859 an
1171 807 1360 858 tressa
1403 795 1540 858 deth
1578 817 1622 878 y
1661 815 1785 858 πονο
1843 793 2059 876 (tertio
2106 793 2209 859 die
2254 818 2324 860 se
2366 799 2891 880 resurrecturum)
2934 797 3005 862 R.
3041 801 3099 862 6.

203 899 330 982 hym
385 911 452 984 ty
499 923 539 962 α
581 919 708 960 wre
745 907 1012 982 mystry
1065 897 1208 982 thyn
1265 895 1485 979 (antea
1523 895 1804 960 faciebas
1847 896 2281 980 magisterium
2324 897 2543 981 nobis)
2600 895 2681 960 D.
2726 899 2910 964 2982.
2974 901 3103 986 pub

205 1001 334 1063 eroll
365 999 620 1086 preqoth
665 1023 706 1063 a
745 1020 870 1062 ἰω-ε
913 999 1324 1084 (unaquaque
1367 997 1520 1061 hora
1547 995 1987 1082 praedicabat)
2020 995 2093 1062 P.
2128 999 2227 1079 23,
2268 1001 2317 1062 1.
2386 999 2575 1084 lupar
2606 997 2757 1062 ΙΙιῑῑε
2798 999 2899 1064 del
2925 1003 3103 1087 ἄθυρε

200 1123 272 1185 yn
311 1101 470 1166 della
512 1125 596 1165 an
643 1099 796 1163 boton
841 1123 879 1164 α
919 1122 1044 1164 wre
1084 1099 1283 1184 (sicut
1311 1097 1362 1164 I.
1409 1098 1628 1179 crevit,
1677 1097 1771 1162 sic
1811 1099 2031 1164 tunica
2071 1099 2361 1182 faciebat,
2408 1100 2447 1162 i.
2482 1122 2533 1164 e.
2568 1101 2927 1187 crescebat)
2964 1106 3099 1184 161,

202 1205 252 1264 4.
291 1201 418 1286 pub
459 1223 538 1266 vr
561 1201 810 1285 systene
851 1227 892 1265 a
933 1223 1056 1266 wre
1099 1200 1380 1288 (semper
1421 1199 1798 1284 festinabat)
1849 1201 1987 1281 171,
2028 1205 2077 1264 1.
2135 1225 2181 1286 y
2221 1223 2285 1265 ee
2317 1251 2331 1264 .
2358 1249 2373 1262 .
2402 1251 2415 1264 .
2447 1201 2529 1264 lea
2570 1202 2761 1288 haym·
2800 1223 3022 1289 mou-ys
3062 1229 3101 1268 a

205 1325 312 1366 tore
367 1303 496 1387 (illi
539 1305 720 1370 ibant
761 1313 826 1368 et
866 1313 1078 1368 truces
1123 1303 1336 1368 vultus
1377 1300 1728 1385 faciebant)
1775 1303 1914 1382 196,
1954 1305 2005 1365 1.
2083 1303 2285 1367 whatlz
2321 1305 2516 1390 qweth
2568 1330 2607 1368 a
2647 1325 2771 1368 wre
2824 1329 2907 1369 an
2944 1327 3100 1390 pren

209 1405 414 1487 (etiam
459 1405 646 1491 peius
687 1404 964 1470 faciebat
999 1404 1260 1490 lignum,
1305 1404 1345 1468 i.
1385 1427 1439 1468 e.
1485 1405 1794 1490 gravabat
1834 1402 2010 1487 eum)
2055 1403 2198 1484 205,
2230 1405 2289 1467 4.
2344 1405 2415 1489 ef
2448 1430 2485 1468 a
2514 1429 2637 1470 wre
2678 1407 2763 1471 oll
2798 1429 2841 1492 y
2868 1429 3103 1492 vynnas

212 1505 364 1592 (ipse
405 1505 686 1572 faciebat
728 1527 976 1570 omnem
1021 1529 1198 1572 suam
1223 1505 1644 1589 voluntatem)
1678 1505 1824 1587 243,
1858 1507 1920 1569 4.
1976 1505 2234 1590 moyylza
2262 1519 2413 1590 3030
2453 1507 2603 1570 drok
2643 1533 2684 1572 a
2713 1529 2835 1570 wre
2877 1506 3103 1591 (maxi-

210 1631 360 1671 mum
399 1608 640 1672 malum
684 1607 746 1673 ei
791 1606 896 1693 qui
941 1606 1244 1691 faciebat)
1302 1607 1440 1687 112,
1472 1609 1530 1671 4.
1596 1607 1719 1692 hay
1760 1621 1947 1690 ane3e
1986 1630 2071 1670 na
2113 1628 2235 1670 wre
2279 1607 2390 1694 bry
2432 1607 2529 1691 (et
2571 1609 2739 1693 quod
2785 1609 2929 1676 illos
2974 1627 3117 1678 non·

211 1709 488 1792 curabat)
531 1711 634 1792 26,
667 1711 726 1774 2.
813 1707 986 1774 Plus.
1037 1713 1090 1774 1.
1135 1732 1334 1796 pers.:
1393 1729 1522 1772 moe
1565 1731 1604 1772 a
1645 1729 1809 1771 wren
1851 1729 1935 1792 ny
1977 1707 2114 1772 then
2156 1709 2341 1772 castel
2388 1709 2668 1793 (ibamus
2711 1733 2829 1776 nos
2874 1713 2956 1777 ad
3000 1736 3103 1778 ca·-

206 1809 470 1894 stellum)
525 1809 604 1876 R.
655 1814 838 1876 1471:
937 1812 994 1876 3.
1039 1831 1238 1898 pera:
1307 1811 1392 1874 oll
1431 1835 1474 1876 a
1513 1831 1708 1874 wreus
1759 1808 2011 1894 (omnes
2053 1809 2401 1895 faciebant)
2463 1809 2535 1877 P.
2580 1813 2723 1892 202,
2756 1815 2815 1878 4.
2895 1813 3021 1878 boet
3062 1839 3101 1878 a

203 1933 380 1976 wreus
421 1911 810 1998 (iactabant)
855 1914 998 1996 242,
1041 1917 1100 1980 4.
1177 1935 1260 1998 ny
1313 1933 1506 1977 wreus
1553 1933 1596 1997 y
1647 1935 1734 1975 na
1785 1911 1901 1976 hen
1950 1911 2107 1998 ⁸0er
2170 1911 2341 1995 (non
2392 1911 2714 1979 faciebant
2766 1915 2857 1980 illi
2914 1917 3104 1981 aliam

205 2012 483 2097 causam)
533 2016 674 2097 175,
709 2015 766 2080 2.
830 2037 875 2101 y
913 2037 1110 2080 wrm
1151 2035 1228 2100 ry
1273 2013 1570 2099 (dabant)
1615 2013 1714 2096 39,
1747 2014 1806 2078 4.

353 2115 534 2202 Sing.
588 2119 642 2180 1.
685 2139 885 2202 pem:
931 2139 1014 2201 ay
1053 2127 1252 2202 vestr-y
1289 2117 1362 2200 qs
1391 2137 1475 2201 ny
1517 2137 1628 2179 ren
1687 2114 1863 2179 bram
1919 2115 1987 2198 (e
2026 2113 2393 2200 magisterio
2436 2113 2609 2181 illius
2652 2139 2783 2181 non
2825 2116 3103 2182 dederim

205 2217 476 2302 ventum)
509 2217 590 2283 O.
623 2217 808 2284 2739.
880 2219 938 2282 3.
969 2240 1169 2305 pera:
1223 2239 1326 2302 ‘my
1368 2241 1408 2281 a
1437 2239 1543 2282 rea
1588 2218 1814 2303 thyuylz
1844 2239 1929 2280 an
1959 2219 2233 2280 dremma
2276 2215 2587 2301 (dederim
2616 2217 2799 2284 vobis
2842 2219 2965 2285 hoc
2994 2244 3105 2306 op-

203 2318 439 2402 pidum)
473 2317 554 2386 O.
587 2317 776 2385 2770.
831 2318 1092 2406 renovab]
1119 2341 1162 2405 y
1192 2343 1232 2384 a
1261 2341 1368 2404 rey
1395 2319 1612 2405 raythe
1640 2319 1953 2403 (rationes
1983 2317 2075 2384 illi
2107 2318 2343 2383 dabant
2369 2319 2737 2404 propterea)
2765 2318 2838 2386 P.
2878 2323 3011 2398 118,
3046 2324 3105 2390 2.

353 2421 414 2484 d.
476 2419 655 2506 Sing.
703 2421 764 2486 3.
809 2444 1008 2507 pem:
1060 2445 1106 2507 y
1137 2423 1210 2508 se
1253 2418 1483 2506 Iuyyzj's
1521 2441 1594 2506 ys
1636 2422 1790 2508 deqy
1831 2421 1931 2484 σἐι
1967 2421 2205 2506 yhonon
2250 2419 2625 2504 (iudicatum
2670 2430 2795 2504 est,
2850 2432 2922 2486 ut
2962 2447 3107 2509 por·

201 2531 348 2586 taret
395 2545 536 2588 eam
580 2519 880 2589 Christus
922 2523 1096 2608 ipse)
1140 2521 1213 2588 P.
1250 2525 1389 2604 160,
1419 2525 1480 2586 4.

351 2624 853 2690 Aremorica:
913 2646 968 2690 a.
1015 2625 1178 2710 sing.
1227 2627 1281 2689 1.
1326 2647 1533 2711 pem:
1593 2621 1865 2711 (praes.)
1930 2633 2209 2706 quement
2256 2645 2397 2686 mat:
2440 2643 2555 2685 aen
2609 2643 2681 2685 en
2726 2624 2960 2711 donym
3009 2640 3109 2690 net

201 2723 602 2811 (quocunque
647 2726 844 2808 ibam,
889 2725 956 2790 id
996 2727 1276 2792 ferebam
1320 2726 1598 2811 sincere)
1641 2724 1803 2790 Buh.
1849 2725 1992 2806 122,
2036 2724 2137 2788 20.
2194 2723 2368 2809 (fut.)
2412 2745 2555 2788 mar
2598 2723 2665 2788 be
2703 2727 2887 2810 profit
2913 2777 2927 2792 .
2956 2777 2969 2791 .
2996 2778 3009 2792 .
3042 2751 3103 2792 e:

201 2825 340 2888 alten
383 2825 640 2892 bremun
681 2828 922 2892 altam
967 2826 1056 2912 (ei
1099 2829 1185 2894 sit
1226 2829 1642 2910 commodum,
1693 2849 1832 2892 eam
1874 2847 2047 2892 nunc
2086 2825 2265 2908 hinc)
2316 2829 2410 2908 16,
2443 2827 2543 2891 23.
2596 2847 2739 2888 mar
2780 2851 2872 2891 em
2913 2831 3106 2893 &cobet

199 2947 264 2989 ne
301 2927 550 2992 dahenn
589 2953 676 2994 na
716 2951 792 2994 ne
828 2929 1116 3016 yalllaenn
1160 2941 1302 3014 quet
1352 2930 1442 3014 (si
1483 2927 1828 3016 percutiar,
1887 2950 2015 2992 non
2060 2949 2197 2992 eam
2240 2949 2361 2994 nec
2402 2928 2679 3016 poesim)
2730 2926 2866 2993 MJ.
2914 2931 3101 2995 1332.

203 3027 252 3092 3.
289 3051 494 3114 pera:
541 3031 814 3118 (praes.)
859 3053 1058 3095 curun
1101 3030 1244 3095 brae
1285 3054 1326 3094 a
1359 3053 1540 3116 sper-n
1585 3053 1742 3116 ayae
1781 3031 1977 3093 drenn
2006 3049 2261 3112 ecquem
2302 3031 2571 3116 (corona
2611 3052 2841 3115 magna
2882 3031 3108 3116 spinea
3250 3049 3269 3072 ·

201 3149 350 3212 quae
389 3132 537 3197 ibat
573 3155 692 3219 per
733 3131 912 3216 ossa)
965 3135 1150 3198 ll5a.
1209 3135 1334 3198 dan
1377 3155 1498 3198 nou
1542 3131 1812 3217 disquibl
1848 3144 1983 3195 mat
2023 3155 2061 3194 α
2101 3153 2177 3215 ye
2217 3153 2329 3194 oar
2372 3133 2447 3195 lzo
2488 3142 2649 3196 troat
2690 3131 2969 3217 (duobus
3010 3133 3105 3198 di-

203 3231 452 3317 scipulis
501 3234 691 3300 bonis
737 3234 842 3320 qui
888 3234 1068 3298 ibant
1107 3233 1412 3319 pedibus)
1459 3236 1579 3301 202
1595 3237 1655 3302 b.
1721 3234 1896 3319 (fut.)
1941 3254 2021 3318 pe
2063 3254 2133 3296 en
2188 3231 2311 3296 lech.
2353 3243 2493 3296 enta
2534 3233 2714 3297 ezahe
2768 3233 2867 3317 (in
2914 3257 3099 3320 quem

203 3330 392 3398 locum
421 3335 624 3420 igitur
649 3335 842 3418 iret?)
875 3337 954 3400 36
969 3336 1029 3399 b.
1117 3333 1288 3401 Plus.
1337 3337 1394 3401 2.
1425 3359 1626 3422 pera:
1673 3336 1848 3422 (fut.)
1893 3357 1987 3397 me
2022 3357 2110 3419 ya
2150 3334 2264 3419 hep
2294 3333 2527 3417 tardas
2552 3333 2699 3418 affet
2740 3336 2821 3398 da
2866 3359 2949 3398 un
2981 3337 3107 3401 lech

203 3433 274 3516 dy
307 3457 382 3498 ne
424 3437 660 3501 dale-ech
705 3437 810 3500 dez
850 3456 1008 3519 quen
1048 3457 1204 3500 noaz
1247 3437 1316 3501 be
1355 3441 1597 3504 ento-och
1640 3437 1920 3502 braseoch
1946 3437 2059 3520 fez
2102 3434 2211 3519 (eo
2252 3457 2381 3499 non
2426 3443 2757 3500 cunctatus
2803 3447 2975 3502 certo
3021 3439 3101 3503 ad

203 3533 394 3601 locum
441 3561 574 3624 quo
615 3560 746 3606 non
793 3538 952 3604 eatis
999 3538 1101 3603 die
1143 3539 1318 3624 prius
1365 3562 1554 3625 quam
1597 3538 1887 3604 habeatis
1928 3537 2094 3602 inter
2134 3559 2250 3602 voe
2293 3537 2595 3602 maiorem
2636 3539 2859 3624 fidem)
2904 3541 3056 3606 621).

351 3639 407 3704 b.
459 3637 648 3725 Sing.
694 3639 866 3725 (fut.)
911 3641 968 3706 3.
1013 3663 1212 3726 pers.:
1260 3664 1334 3706 ac
1374 3641 1458 3725 eff
1493 3643 1618 3705 reiz
1660 3663 1734 3704 en
1779 3640 1941 3704 breiz
1981 3661 2131 3703 ‘man
2172 3663 2214 3702 a
2255 3639 2443 3703 deuhe
2485 3639 2597 3724 hep
2639 3640 2795 3704 ellan
2838 3642 2920 3705 da
2966 3641 3103 3706 boui

206 3760 370 3804 aman
407 3755 607 3828 yanet
647 3742 828 3827 (num
869 3741 978 3807 ille
1020 3743 1301 3829 legitime
1343 3744 1410 3808 in
1453 3743 1572 3809 hac
1613 3741 1951 3806 Britannia
1990 3751 2294 3806 venturus
2338 3741 2425 3806 sit
2468 3742 2607 3806 sine
2649 3763 2825 3806 mora
2867 3743 2945 3808 ad
2990 3766 3102 3808 na-

209 3843 502 3908 scendum
547 3842 686 3927 hic)
726 3844 888 3909 Buh.
922 3845 1022 3926 88,
1059 3848 1154 3910 14.
1207 3869 1292 3910 na
1337 3846 1417 3910 ell
1442 3846 1560 3909 den
1585 3895 1596 3908 .
1620 3894 1635 3909 .
1663 3895 1678 3908 .
1710 3845 1883 3909 chom
1908 3893 1921 3908 .
1949 3892 1964 3907 .
1990 3893 2005 3908 .
2036 3863 2109 3906 en
2140 3841 2231 3906 tal
2268 3865 2351 3906 cm
2382 3842 2483 3906 bez
2506 3865 2623 3928 μανι
2664 3863 2770 3906 ma
2813 3865 2891 3908 ne
2918 3845 3109 3908 deuhe

207 3961 292 4002 um
331 3945 618 4030 doanhye
655 3947 794 4031 plen
849 3946 1000 4032 (nec
1042 3957 1256 4033 potest
1298 3947 1634 4033 quisquam
1687 3967 1945 4010 manere
1996 3943 2065 4007 in
2114 3943 2321 4008 fronte
2372 3944 2649 4030 sepulcri
2694 3945 2921 4030 gelidi,
2976 3947 3103 4012 nisi

207 4045 402 4110 veniat
443 4045 564 4133 qni
609 4070 708 4114 me
752 4051 1158 4134 perturbabat
1197 4048 1489 4136 penitus)
1530 4047 1666 4113 MJ.
1704 4047 1822 4111 192
1840 4069 1896 4110 a.
1954 4067 2093 4110 ma:
2136 4067 2203 4108 ve
2244 4046 2367 4131 huy
2411 4067 2595 4110 crema
2640 4069 2713 4110 en
2740 4049 3106 4130 quemeunhe

323 4171 420 4212 me
461 4173 508 4212 α
555 4148 758 4214 orethe
797 4171 860 4214 ez
901 4151 1091 4216 deuhe
1124 4161 1295 4237 pre-st
1345 4149 1434 4233 (si
1477 4173 1594 4216 vos
1638 4171 1783 4215 eum
1825 4147 2115 4234 protinus
2156 4148 2474 4233 poscatis,
2532 4148 2907 4215 crediderim
2964 4171 3107 4214 eum

215 4257 528 4314 venturum
575 4252 864 4337 praesto)
907 4253 1104 4320 2231).
1190 4250 1362 4317 Plur.
1409 4253 1466 4317 2.
1511 4273 1709 4338 pers.:
1765 4273 1907 4313 mar
1954 4271 2045 4312 em
2087 4261 2297 4333 queret
2336 4261 2429 4313 ret
2469 4271 2541 4314 eu.
2584 4250 2708 4334 huy
2750 4251 2826 4314 Ῐιο
2869 4260 2959 4312 tut
3004 4252 3105 4314 de-

209 4361 350 4429 putet
389 4373 456 4415 ez
501 4353 772 4418 deubech
793 4401 808 4417 .
837 4401 850 4417 .
875 4403 892 4418 .
918 4353 1166 4440 queneff
1197 4351 1286 4437 (si
1329 4375 1428 4420 me
1458 4353 1686 4419 amatis
1730 4359 1981 4437 oportet
2021 4373 2139 4417 vos
2184 4361 2249 4417 et
2273 4351 2563 4416 homines
2608 4351 2795 4416 electi
2836 4352 3107 4416 veniatis

211 4453 458 4538 mecum)
507 4455 624 4520 5a.

351 4575 406 4620 c.
467 4553 658 4642 Sing.
721 4559 774 4621 1.
817 4579 1018 4642 pers.:
1077 4555 1349 4642 (praes.)
1408 4578 1484 4620 en
1537 4555 1844 4639 servichen
1894 4554 2153 4642 quellaff
2198 4576 2335 4619 ma:
2385 4553 2591 4641 yallen
2645 4575 2721 4616 ne
2756 4575 2908 4640 yren
2950 4575 3107 4639 quen

215 4651 584 4733 (serviebam
639 4657 700 4722 ei
745 4680 932 4744 quam
973 4659 1212 4746 optime
1253 4667 1567 4745 poteram,
1613 4678 1740 4723 non
1783 4655 2097 4722 faciebam
2142 4655 2353 4740 aliter)
2394 4653 2557 4720 Buh.
2590 4656 2648 4736 6,
2680 4655 2740 4720 3.
2808 4656 2981 4742 (fut.)
3024 4681 3108 4720 na

211 4757 412 4837 qrahen
453 4770 608 4845 quet
645 4781 760 4825 rac
799 4773 1016 4824 ececret
1051 4781 1158 4824 voe
1199 4759 1360 4844 (non
1397 4759 1677 4842 fecerim,
1723 4781 1868 4823 nam
1913 4765 2159 4824 secreto
2198 4757 2348 4841 fuit)
2386 4759 2524 4841 158,
2562 4761 2657 4822 11.
2713 4779 2851 4820 maz
2896 4759 3105 4826 earech

219 4857 342 4920 ader
380 4881 488 4927 ma
532 4871 844 4946 que-meret
884 4881 948 4926 ez
987 4863 1180 4927 rahen
1223 4874 1432 4946 requet
1486 4860 1576 4947 (si
1617 4859 1870 4948 placeat
1909 4860 2096 4926 vobis
2139 4883 2237 4924 me
2280 4859 2583 4945 recipere,
2626 4859 2853 4924 faciam
2896 4862 3108 4948 requi-

220 4956 512 5048 sitionem)
570 4963 675 5043 20,
721 4963 778 5027 5.
843 4963 1026 5028 deoch
1083 4985 1150 5026 ez
1209 4964 1488 5050 yrahenn
1523 4963 1667 5049 plen
1722 4963 1925 5048 vilerey
1977 4963 2131 5026 houz
2185 4984 2289 5026 roe
2340 4962 2465 5046 huy
2514 4983 2659 5025 mar
2713 4963 3109 5047 evwccgffihenn
3144 5013 3167 5040 0

220 5057 400 5138 (vobis
441 5067 724 5134 facerem
769 5063 1022 5150 plenam
1065 5065 1525 5152 indignitatem,
1571 5066 1626 5130 si
1672 5074 1951 5130 vestrum
1996 5087 2210 5150 regem
2241 5063 2703 5150 crucifigerem)
2745 5061 2882 5130 MJ.
2917 5065 3107 5130 113b.

224 5181 278 5228 ne
305 5191 413 5252 yon
449 5169 636 5256 pelve-z
681 5179 784 5232 tra
827 5193 870 5232 α
905 5167 1184 5254 yralzenn
1230 5167 1481 5252 (nescio
1527 5167 1682 5254 quid
1724 5168 1817 5233 rei
1857 5167 2169 5254 facerem)
2214 5167 2337 5232 218
2352 5191 2406 5231 a.
2496 5169 2552 5233 3.
2586 5187 2786 5254 persa
2835 5165 3105 5253 (praes.)
