3717 5642
547 393 746 459 xml
1607 410 2015 458 Pnoonmom
2062 405 2393 456 θυινθυε.

407 563 418 572 ’
549 597 648 646 me
689 580 938 646 monuit
979 579 1058 642 de
1105 578 1376 664 glossis,
1434 601 1596 663 quae
1653 601 1688 643 e
1745 578 1884 643 eod.
1932 575 2536 642 vindobonensi
2582 577 2775 661 (cod.
2823 579 2931 660 16)
2987 575 3279 663 proditae,
3324 583 3476 641 sunt

553 690 618 753 in
663 689 1086 754 Lindemanni
1135 686 1328 772 Corp.
1376 689 1922 772 grammaticorum
1965 687 2385 768 Latinorum*,
2431 693 2635 771 nuper
2678 709 2748 753 se
2794 687 3126 772 accepisse
3170 687 3397 752 scribit.
3440 709 3479 748 a

551 798 815 878 Bockio,
865 797 1022 882 prof.
1066 797 1504 881 Friburgensi,
1550 797 1757 882 ipsius
1801 807 1991 860 manu
2033 797 2479 882 transcriptum
2524 797 2674 881 (sed
2702 799 2956 863 nescire
3000 798 3229 882 ipsum,
3275 794 3478 878 unde)

553 907 1076 972 commentarium
1107 905 1351 972 Sedulii
1397 906 1706 990 (hominis
1737 905 2009 971 Hiberni
2056 907 2157 970 vel
2190 905 2401 990 Scotl)
2450 908 2514 971 in
2554 907 2937 993 Eutychinm
2982 905 3478 991 grammaticum,

559 1017 669 1101 qui
710 1017 894 1081 initio
939 1016 1020 1081 de
1061 1016 1320 1081 nomine
1363 1016 1728 1081 disserens:
1768 1009 1937 1101 ‘Ego
1982 1017 2237 1101 inquam
2288 1017 2577 1097 euticiae,
2623 1018 2720 1081 vir
2761 1018 3076 1102 ingenuus
3123 1016 3201 1080 de
3246 1013 3485 1078 euticia

549 1125 883 1210 provincia
937 1134 1132 1190 ortus.
1222 1122 1467 1190 Omnes
1513 1127 1685 1191 enim
1743 1126 1824 1191 de
1866 1126 2103 1190 euticia
2144 1127 2425 1192 orientes
2480 1127 2697 1192 euticii
2754 1126 2853 1210 (in
2898 1146 3091 1210 marg.
3138 1139 3305 1188 mans
3348 1144 3479 1186 reo.

553 1225 868 1320 εὖδίκιοι)
925 1233 1341 1320 appellantur.
1412 1236 1595 1320 quasi
1639 1257 1788 1300 vere
1847 1235 2200 1300 iudiciales.-
2258 1235 2549 1319 (Euticia
2602 1237 2771 1302 enim
2824 1235 3003 1320 apud
3056 1231 3481 1320 philosophos

555 1344 1004 1430 interpretatur
1045 1367 1262 1408 verum
1307 1344 1642 1424 iudicium)
1702 1363 1867 1408 unus
1924 1354 2114 1409 eutex
2168 1345 2527 1430 appellatus
2570 1355 2673 1410 est
2716 1346 2901 1430 quasi
2958 1366 3107 1408 vere
3165 1341 3481 1418 iudicans,

551 1477 626 1519 eo
673 1453 846 1539 quod
891 1453 970 1518 de
1013 1476 1165 1518 vere
1213 1454 1533 1540 sapientia
1573 1454 1899 1519 iudicavit.
1986 1451 2200 1517 Eutex
2246 1457 2413 1519 enim
2459 1478 2811 1540 cognomen
2858 1463 2958 1518 est
3016 1453 3095 1518 de
3140 1449 3483 1537 agnomine

554 1573 860 1645 ornatum,
906 1563 1177 1628 euticius
1211 1587 1358 1628 vero
1394 1565 1732 1648 ollifseoadz‘.
1766 1573 1828 1628 et
1857 1563 2103 1645 galatos
2140 1563 2442 1648 [galatas]
2493 1575 2631 1630 cum
2662 1561 2919 1649 regalo.'
2970 1563 3310 1647 (Similiter
3340 1558 3482 1624 cod.

548 1672 884 1758 Bamberg.
945 1671 1115 1738 Keil.
1165 1672 1240 1736 V.
1298 1695 1358 1757 p.
1402 1675 1578 1754 445).
1673 1713 1708 1720 --
1775 1673 1852 1736 ln
1910 1673 2008 1737 his
2054 1674 2233 1757 olliye
2287 1674 2735 1739 conferendum
2788 1675 3037 1740 videtur
3096 1683 3237 1738 cum
3278 1670 3486 1734 forma

551 1782 794 1847 verbali
839 1783 1123 1868 ollaiytlae
1167 1783 1282 1868 (gl.
1330 1715 1741 1869 ampli[fi]ca)
1785 1782 2185 1861 M1.70‚ut
2228 1783 2564 1868 legendum
2608 1783 2693 1849 sit
2728 1785 2910 1870 oliiqe
2952 1785 3075 1848 o'nd
3112 1784 3141 1844 v:
3180 1777 3489 1864 (amplifi-

553 1891 722 1956 catio
769 1892 848 1956 ab
891 1890 967 1974 i).

724 1999 1024 2086 Denique
1081 2022 1244 2085 quae
1285 2001 1628 2085 parabatur
1681 2002 1838 2086 (et
1820 2025 1943 2067 lam
1998 2001 2268 2068 forsitan
2309 2004 2602 2069 absoluta
2644 2003 2761 2086 sit)
2818 2003 3017 2069 editio
3074 2001 3319 2068 codicis
3380 2009 3491 2063 ve-

563 2110 719 2176 teris
761 2109 1092 2190 hibernici,
1141 2111 1248 2196 qui
1294 2110 1524 2175 dicitur
1571 2110 1777 2174 Lebar
1821 2137 1903 2175 na
1946 2113 2215 2194 k-nidre,
2260 2137 2392 2179 non
2434 2113 2641 2199 magis
2684 2115 2763 2178 ad
2796 2113 2963 2177 hune
2993 2113 3221 2178 librum
3265 2109 3493 2195 ampli-

565 2219 888 2286 ficandum
933 2220 1219 2286 adhiberi
1267 2221 1492 2306 potuit,
1541 2244 1745 2306 quam,
1795 2222 1963 2308 quod
2007 2239 2211 2308 nuper
2254 2225 2491 2288 editum
2538 2237 2681 2289 esse
2728 2247 2763 2288 e
2806 2223 3091 2290 Stokesii
3134 2219 3493 2287 adnotatio-

555 2332 756 2398 nibus
801 2330 1098 2416 cognovi,
1145 2330 1443 2395 volumen
1483 2329 1570 2394 11.
1617 2331 1826 2416 legum
1872 2331 2342 2399 hibernicarum
2384 2334 2771 2416 (fienchas
2814 2331 3037 2416 Mor).

735 2440 1026 2508 Gallicae
1052 2440 1305 2525 priscae
1334 2441 1656 2526 reliquias,
1703 2443 1822 2507 etsi
1855 2442 2245 2527 aliquantum
2276 2444 2472 2508 adiuti
2518 2451 2737 2509 sumus
2768 2441 3029 2508 Glnokii
3071 2441 3289 2506 libello
3332 2439 3496 2522 (Die

563 2551 668 2616 bei
715 2548 790 2616 C.
821 2548 1038 2614 Julius
1071 2548 1314 2616 Caesar
1357 2551 1893 2616 vorkommenden
1940 2553 2295 2620 keltischen
2324 2555 2572 2618 Namen
2614 2555 2681 2618 in
2712 2554 2884 2618 ihrer
2911 2551 3214 2618 ththeit
3249 2549 3495 2633 festge-

559 2660 734 2727 stellt
775 2657 907 2725 und
955 2659 1254 2725 e1·l5.utert
1299 2683 1422 2726 von
1469 2660 1641 2726 Ghr.
1675 2661 1897 2727 Wilh.
1930 2661 2204 2728 Gluek.
2265 2664 2610 2744 Miinohen,
2662 2663 2853 2746 1867)
2896 2671 3238 2727 retractare
3278 2669 3496 2723 tamen

555 2790 687 2836 non
731 2770 824 2834 ita
863 2771 1204 2855 potuimus,
1256 2781 1324 2834 ut
1351 2771 1730 2856 optavimus,
1777 2794 1919 2836 cum
1948 2785 2198 2857 praeter
2226 2775 2498 2852 libellos,
2538 2795 2706 2858 quos
2748 2773 2893 2858 ipse
2934 2793 3168 2858 parens
3210 2768 3499 2834 omnium

555 2879 778 2944 horum
809 2879 1178 2962 studiorum,
1207 2863 1348 2945 Ad.
1379 2879 1674 2960 Pictet,
1721 2881 1818 2946 vir
1846 2903 2093 2948 summa
2118 2886 2479 2950 reverentia
2509 2882 2837 2964 colendus,
2885 2880 3347 2967 benignissime
3379 2895 3501 2943 no-

557 2989 662 3056 bis
709 2989 1020 3074 praebuit,
1069 3012 1148 3054 ac
1191 2990 1611 3075 singularem:

728 3096 835 3164 On
877 3097 989 3164 the
1033 3098 1310 3166 Gaulish
1351 3099 1743 3184 Inscription
1801 3101 1875 3166 of
1909 3100 2189 3168 Poitiers
2252 3140 2320 3148 --
2379 3103 2543 3167 from
2585 3103 2693 3168 the
2740 3123 2973 3188 papers
3018 3100 3089 3166 of
3124 3099 3238 3165 Ru
3254 3097 3499 3184 dolph

559 3208 896 3274 Thomas
942 3207 1354 3295 Siegfried
1410 3246 1492 3256 —-
1547 3208 1860 3293 arranged
1914 3211 1999 3296 by
2052 3209 2244 3277 Carl
2300 3211 2721 3281 Friedrich
2773 3211 3132 3276 Lottner.
3220 3207 3493 3290 Dublin,

567 3321 753 3400 1863,
797 3355 880 3364 ——-

730 3449 860 3492 non
901 3427 1146 3520 liceret·
1179 3427 1270 3492 uti
1315 3429 1446 3496 nisi
1485 3428 1826 3497 Beckeri
1884 3431 2442 3511 commentatione,
2508 3431 2751 3497 Kuhnii
2812 3429 3197 3517 ephemeridi
3254 3429 3503 3493 inserta

565 3537 788 3622 (Beitr.
837 3535 960 3602 ΠΙ.
991 3536 1159 3621 IV.)‚
1208 3539 1311 3618 cui
1353 3561 1438 3603 ne
1479 3553 1712 3606 temere
1757 3540 2237 3620 confideremus,-
2286 3541 2504 3606 moniti
2528 3557 2768 3606 ‘snmus
2818 3539 3114 3626 exemplo
3146 3537 3499 3606 Chimari

565 3647 898 3714 Cretensis
931 3668 1032 3732 ap.
1063 3647 1205 3713 Liv.
1239 3649 1341 3730 44,
1377 3651 1475 3730 24,
1521 3671 1708 3734 quem
1749 3649 1861 3714 ille
1903 3673 2019 3736 pro
2050 3649 2243 3717 Gallo
2288 3650 2658 3715 venditavit.
2747 3653 2965 3736 Atque
3010 3649 3327 3734 exipsius
3374 3647 3499 3712 viri

563 3757 919 3824 doctissimi
963 3757 1228 3823 libellis:
2474 3835 2480 3840 ¹

740 3867 974 3934 Essai
1017 3891 1130 3934 sur
1183 3868 1491 3953 quelques
1549 3869 1965 3955 inscriptions
2020 3868 2099 3933 de
2155 3869 2391 3955 langue
2448 3870 2768 3954 gauloiw,
2825 3893 2944 3954 par
3000 3869 3143 3934 Ad.
3204 3868 3390 3933 Pict
3427 3881 3507 3932 et

567 3977 834 4060 Geneve
875 3976 1143 4062 (Paris),
1193 3979 1373 4042 1859.

728 4087 1000 4152 Lettre
1044 4085 1126 4152 de
1168 4084 1260 4154 M.
1305 4088 1440 4152 Ad.
1483 4087 1746 4153 Pictet
1787 4089 1828 4151 a
1868 4087 1959 4152 M.
2006 4087 2085 4153 de
2128 4087 2555 4173 Longuemar,
2608 4089 2787 4151 1859.

727 4195 1035 4262 Nouvel
1081 4197 1298 4264 essai
1355 4220 1464 4262 sur
1516 4197 1612 4262 les
1656 4197 2078 4282 Inscriptions
2124 4197 2500 4278 Gauloises,
2566 4197 2782 4262 lettres
2827 4197 3162 4264 adressees
3218 4198 3258 4260 ὲ.
3300 4197 3394 4261 Μ.
3438 4198 3503 4262 le

566 4304 1108 4392 general-Creuly
1165 4329 1280 4393 par
1320 4303 1683 4392 Adolphe
1725 4306 2005 4372 Pictet.
2106 4308 2321 4388 Paris,
2386 4309 2543 4373 1867
2600 4345 2683 4354 —
2755 4308 3379 4392 praestantissimus,
3441 4307 3503 4371 is

576 4437 762 4501 quem
803 4417 988 4483 tertio
1031 4417 1174 4482 loco
1219 4417 1715 4498 nominavimuS,
1762 4416 2072 4482 absolutis
2118 4417 2367 4482 demum
2410 4417 2555 4481 libri
2600 4416 2865 4482 secundi
2909 4417 3229 4502 capitibus
3274 4418 3503 4502 primis

563 4525 646 4591 ad
684 4546 806 4591 nos
849 4526 1158 4612 pervenit.

731 4635 858 4702 Per
909 4645 1112 4701 totum
1162 4657 1316 4702 vero
1372 4656 1534 4720 opus
1593 4633 1833 4699 contuli
1886 4636 2177 4702 comicas
2230 4635 2479 4703 fabulas
2534 4657 2750 4701 sacras
2766 4687 2782 4716 ,
2845 4653 3109 4722 quarum
3153 4636 3354 4702 editio
3400 4639 3504 4715 in-

566 4743 890 4812 scribitur:

734 4851 896 4921 The
941 4855 1264 4922 ancient
1306 4851 1644 4920 Cornish
1687 4853 1995 4934 Drama,
2052 4851 2265 4919 ’edited
2320 4853 2445 4920 and
2496 4847 2843 4921 translated
2898 4855 2987 4942 by
3044 4854 3168 4921 Mr.
3214 4855 3505 4926 Edwin

701 5121 725 5144 ⁴
762 5137 892 5190 quas
927 5135 1095 5190 nuper
1129 5119 1421 5173 accuratius
1455 5117 1617 5171 edidit
1651 5117 1706 5171 G.
1743 5116 1790 5170 N
1803 5117 1944 5186 igra
1979 5118 2122 5180 (Rev.
2160 5117 2278 5169 celt.
2318 5124 2363 5182 1,
2392 5121 2507 5184 58):
2543 5119 2822 5173 ettorsondi
2856 5120 2942 5190 (gl.
2981 5123 3242 5183 bai-itone)
3276 5122 3363 5174 fol.
3390 5129 3506 5179 57⁸.

567 5205 734 5260 αὐτοί
765 5206 850 5276 (gl.
889 5206 1072 5270 cur-ia),
1106 5204 1367 5275 mbiqim
1401 5205 1490 5274 (gl.
1526 5204 1723 5272 prurio)
1761 5209 1823 5258 58
1834 5212 1872 5258 ·.
