3717 5642
588 396 711 463 688
778 396 913 462 (651·
940 394 1061 457 652)
1360 392 1473 459 IV.
1520 394 1579 459 2.
1650 409 2228 460 Pnfflrosmorms
2271 410 2746 460 amrmrcffl.

590 590 692 646 tur
732 582 1040 667 lagoenae
1070 578 1185 665 R.)
1230 582 1287 663 2,
1321 581 1464 645 225.
1520 604 1605 666 ny
1646 579 1859 665 cheffir
1901 579 2124 645 mabon
2165 579 2314 665 uyth.
2355 602 2459 645 nee
2498 578 2694 664 cassel
2719 580 2912 646 eidoel
2951 579 3112 665 (non
3152 578 3504 647 invenietur

588 682 678 747 Μ.
724 705 1018 769 unquam,
1066 684 1273 749 donec
1314 681 1675 746 inveniatur
1715 680 1828 765 E.)
1873 682 1932 763 2,
1959 666 2101 747 226.

758 782 1157 850 Cornicae
1189 783 1451 870 propria
1473 792 1573 848 est
1590 784 1981 869 praepositio
2003 785 2201 868 RYP,
2225 783 2403 849 RYB
2429 782 2830 867 (secundum,
2857 784 3050 865 iuxta,
3077 806 3114 849 e
3135 783 3243 849 lat.
3265 783 3408 867 ripa
3420 780 3502 864 ?):

585 908 606 946 ν
610 908 705 970 yp
744 886 916 950 ihesu
959 899 1123 971 oryet
1146 908 1368 972 qorrys
1412 884 1619 968 (iuxta
1660 883 1713 949 I.
1745 882 1900 951 Chr.
1944 887 2214 972 positus,
2259 883 2452 968 latro)
2483 882 2560 948 R.
2593 884 2736 951 266.
2789 907 2888 950 me
2915 910 2957 950 a
2982 884 3127 970 yoelc
3166 905 3286 968 ryp
3324 904 3370 967 9
3392 904 3506 965 pen

586 985 925 1070 (dormiam
964 988 1145 1051 iuxta
1191 986 1328 1051 eius
1359 987 1580 1072 caput)
1622 985 1701 1051 R..
1734 987 1878 1051 418.
1931 1010 2049 1073 ryp
2092 1010 2268 1052 emus
2312 983 2459 1051 ΙΙιῦε
2497 1009 2542 1071 9
2582 1001 2712 1071 3886
2738 1010 2820 1051 vn
2863 986 2981 1050 den
3022 985 3234 1069 (iuxta
3263 1004 3506 1050 crucem

585 1087 736 1153 Iesu
781 1097 917 1153 erat
956 1086 1175 1171 homo)
1232 1086 1305 1151 P.
1352 1088 1494 1167 208,
1542 1090 1595 1152 1.
1679 1110 1797 1173 ryp
1856 1112 1943 1152 απ
1980 1112 2110 1175 qew
2165 1112 2204 1153 a
2257 1110 2425 1153 resae
2476 1103 2550 1171 33
2599 1088 2782 1172 3ewle
2835 1086 3216 1170 (secundum
3271 1085 3504 1151 hastam

590 1190 771 1253 fluxit
814 1190 895 1255 ad
940 1212 1182 1270 manua,
1230 1188 1527 1274 sanguis)
1574 1191 1715 1271 219,
1749 1190 1807 1254 2.
1882 1190 2087 1275 Pedyr
2128 1240 2143 1255 .
2165 1240 2181 1254 .
2207 1238 2222 1254 .
2253 1214 2294 1254 a
2339 1190 2563 1254 drolaas
2613 1189 2730 1275 ryb
2783 1214 2868 1255 an
2902 1210 3029 1274 pen
3065 1210 3314 1252 scovem
3353 1209 3508 1251 onan

589 1306 775 1374 ane3e
818 1290 923 1376 (P.
968 1289 1243 1357 abscidit
1276 1290 1365 1374 ‘de
1412 1291 1621 1376 capite
1663 1313 1882 1357 aurem
1925 1293 2114 1357 unius
2159 1314 2240 1357 ex
2283 1291 2410 1377 eis)
2457 1295 2556 1372 71,
2589 1294 2648 1356 2.
2725 1315 2808 1355 an
2852 1304 3086 1374 eJewon
3129 1312 3294 1355 onan
3332 1337 3350 1353 .
3377 1339 3393 1352 .
3417 1338 3434 1353 .
3471 1314 3507 1351 a

584 1412 685 1456 ros
725 1392 839 1477 ryb
884 1418 966 1457 an
1007 1414 1253 1457 &cover-n
1298 1390 1414 1455 box
1459 1407 1530 1476 3e
1568 1394 1730 1479 yrist
1772 1395 1842 1477 (e
1885 1392 2144 1459 Iudaeis
2189 1417 2352 1459 unus
2399 1393 2576 1459 dedit
2614 1391 2964 1459 secundum
3006 1413 3225 1457 aurem
3265 1391 3512 1476 plagam

589 1492 875 1575 Christo)
931 1493 1032 1574 81·‚
1080 1496 1132 1557 1.
1237 1492 1403 1560 Cum
1424 1480 1639 1581 'pron.
1687 1496 1826 1562 suff.
1873 1496 2223 1561 invenitur:
2288 1495 2512 1581 yuplas
2561 1517 2628 1559 vs
2670 1514 2874 1557 omma
2925 1492 3122 1577 rybon
3171 1492 3349 1576 (loco
3409 1492 3512 1577 qui

589 1606 691 1661 est
729 1594 839 1661 hic
878 1616 1079 1682 prope
1120 1596 1272 1679 nos)
1320 1595 1402 1661 D.
1436 1597 1579 1661 460.

752 1700 813 1761 4.
880 1695 1537 1782 Praepositiones
1581 1696 2056 1784 bisyllabae:
2101 1698 2297 1777 efflui-r,
2336 1699 2544 1785 μεεὶρ
2587 1696 2880 1783 (9ωεά9),
2925 1696 3177 1780 herwyd
3219 1702 3348 1761 etc.

754 1798 1069 1865 EITHIR
1113 1798 1275 1883 (hib.
1309 1802 1533 1883 wldar,
1579 1800 1685 1865 lat.
1717 1811 1912 1880 extra,
1937 1798 2236 1884 praeter),
2284 1798 2604 1865 cambrica
2646 1796 3038 1884 praepositio
3079 1806 3210 1863 tam
3247 1796 3516 1882 simplex

588 1900 911 1969 invenitur
954 1922 1144 1987 quam
1186 1902 1633 1968 comitantibus
1678 1902 1766 1983 di,
1810 1902 1931 1965 odi.

756 2000 1073 2088 Exempla
1116 2025 1151 2069 e
1194 2002 1399 2069 Mau:
1444 2005 1548 2087 ses
1579 2025 1769 2068 aoruc
1804 2022 2146 2089 9ω·θε99ππ
2183 2024 2228 2087 9
2267 2000 2524 2086 Ιο9αοει1ι
2567 1998 2764 2085 eitkyr
2801 2022 2882 2087 yr
2921 2024 3002 2065 vn
3043 2012 3108 2088 ty
3147 2000 3332 2064 hwrm
3377 2002 3517 2083 (va-

588 2113 756 2168 stare
802 2104 1017 2190 coepit
1058 2104 1363 2171 ditionem
1406 2114 1588 2173 extra
1618 2126 1803 2169 unam
1846 2103 2014 2170 hanc
2058 2103 2327 2184 domum,
2376 2109 2645 2187 excepta
2685 2124 2816 2167 una
2855 2100 2977 2168 hac
3019 2102 3236 2186 domo)
3285 2106 3342 2184 1,
3375 2103 3516 2167 252.

585 2226 699 2267 rac
748 2204 987 2291 qubot
1027 2206 1177 2271 oneb
1222 2208 1503 2295 dyeithyr
1540 2230 1585 2292 9
1616 2206 1870 2270 brenhin
1900 2228 1976 2269 ae
1997 2204 2364 2293 yyyhomoyr
2394 2202 2506 2287 (ne
2535 2204 2806 2277 sciretur
2847 2226 2888 2269 a
2915 2226 3234 2291 quoquam
3263 2214 3518 2290 praeter

583 2328 813 2391 regem‘
851 2316 915 2371 et
956 2309 1363 2375 consiliarios
1419 2308 1621 2394 eius),
1680 2308 1752 2391 ef
1786 2308 2044 2372 aede-wis
2089 2329 2134 2392 9
2177 2306 2302 2371 hoel
2347 2305 2560 2391 lonyeu
2615 2328 2694 2369 av·
2731 2308 2978 2393 yweilqi
3017 2308 3191 2373 allon
3235 2306 3520 2392 dyeithye·

588 2431 667 2472 vn
711 2409 853 2495 lonq
906 2409 1079 2496 (ipse
1120 2411 1379 2498 reliquit
1434 2432 1655 2477 omnes
1714 2432 1916 2476 naves
1968 2410 2037 2473 in
2074 2408 2238 2475 mari
2297 2415 2566 2493 excepta
2617 2428 2744 2471 una
2781 2407 2963 2492 navi)
3013 2408 3074 2491 3,
3105 2410 3249 2475 300.
3309 2420 3524 2494 mynet

585 2512 808 2575 arthur
850 2513 1151 2598 odieithyr
1200 2513 1361 2600 yllys
1418 2513 1541 2597 (ire
1584 2514 1668 2578 A.
1714 2520 1896 2578 extra
1936 2512 2206 2597 curiam)
2252 2512 2308 2593 2,
2352 2512 2414 2576 8.
2483 2511 2683 2594 adeuy
2737 2510 2808 2572 di
2853 2534 2942 2598 yn
2990 2504 3340 2598 yyuavw'yd
3391 2511 3524 2595 ymi

590 2614 893 2699 odieitkyo·
943 2636 989 2699 9
1031 2613 1185 2698 dref
1216 2612 1555 2696 (veniesne
1595 2624 1665 2679 tu
1708 2636 1924 2681 comes
1965 2614 2125 2680 mihi
2169 2624 2349 2680 extra
2391 2614 2698 2702 oppidum
2709 2613 2770 2699 ?)
2815 2614 2873 2695 2,
2905 2614 3007 2678 47.
3097 2610 3258 2680 Cum
3301 2612 3520 2677 infini-

581 2716 747 2781 tivo:
797 2716 995 2801 eichyr
1037 2714 1133 2779 bot
1170 2715 1393 2801 ynwell
1433 2715 1770 2802 kyweirdeb
1808 2716 2014 2803 ybwyt
2035 2763 2050 2780 .
2079 2764 2094 2780 .
2121 2766 2137 2781 .
2169 2717 2403 2781 aweleie
2443 2719 2488 2796 i,
2531 2716 2756 2797 aweleo',
2798 2736 2922 2801 9πο
2965 2714 3124 2797 (nisi
3167 2714 3343 2801 quod
3387 2725 3524 2780 erat

584 2818 808 2885 melior
848 2816 1093 2904 paratio
1140 2817 1269 2882 cibi
1311 2839 1500 2904 quem
1540 2818 1695 2901 vidi,
1742 2843 1930 2907 quem
1973 2820 2250 2902 videbat,
2294 2818 2416 2903 ibi)
2467 2820 2522 2901 1,
2553 2820 2613 2883 5.
2661 2818 2762 2883 15.

756 2919 1039 2987 Cor-nice
1082 2927 1146 2984 et
1190 2921 1533 2987 aremorice
1577 2918 1826 3006 perisse
1871 2921 2123 2988 videtur
2163 2921 2322 2987 haec
2366 2916 2776 3006 praepositio.

756 3020 1126 3105 GUETIG,
1170 3020 1470 3103 GUETI,
1518 3019 1859 3089 GWEDY
1905 3021 2142 3111 (post),
2189 3022 2543 3090 cambricae
2585 3022 2846 3101 formae,
2893 3042 3158 3106 quarum
3200 3022 3518 3088 vetustior

586 3125 1035 3191 adverbialiter
1076 3124 1333 3211 ponitur
1376 3123 1484 3208 (cf.
1529 3148 1593 3211 p.
1625 3125 1779 3209 619)
1828 3125 1899 3189 in
1943 3125 2082 3191 cod.
2126 3124 2592 3191 Lichfeldensi:
2644 3123 2868 3188 rodetit
2907 3122 3038 3187 elcu
3076 3124 3284 3210 quetiq
3323 3144 3520 3209 equus

584 3239 703 3291 tres
746 3227 1131 3312 uachefileg.
1160 3228 1333 3291 rodet
1376 3228 1448 3291 di
1484 3226 1659 3293 elau?
1703 3225 1888 3292 datus
1929 3226 2181 3292 Elcuno
2224 3236 2453 3312 postea
2495 3248 2696 3313 equus
2743 3224 2920 3309 etc.)‚
2965 3224 3104 3289 niba
3143 3246 3249 3290 cae
3291 3227 3516 3312 iyn‘du

585 3330 657 3391 di
698 3330 1003 3393 medic-kat
1038 3330 1245 3417 quetv'q
1284 3329 1375 3394 hit
1416 3330 1530 3394 did
1572 3327 1754 3392 braut
1788 3327 2009 3413 qrffiat
2043 3330 2249 3414 quetiq
2291 3329 2388 3392 πίε
2425 3330 2560 3392 min
2601 3330 2630 3390 i
2655 3326 2886 3391 cathale
2929 3326 3226 3413 (phrases
3269 3328 3339 3391 in
3383 3328 3516 3393 fine

584 3428 840 3495 chartae
886 3430 1286 3496 decernentis
1328 3430 1525 3513 litem,
1572 3430 1840 3495 eandem
1883 3452 2208 3516 nunquam
2247 3440 2476 3517 postea
2519 3450 2666 3495 esse
2706 3428 3048 3494 redituram
3091 3428 3520 3517 affirmantes)

583 3532 756 3616 App.
782 3530 857 3596 L.
882 3531 1082 3597 Land.
1118 3556 1178 3620 p.
1209 3534 1362 3615 2713
1396 3554 1471 3598 ac
1497 3532 1769 3607 fortasse
1797 3531 1964 3597 inter
1991 3542 2210 3599 notata
2239 3532 2379 3599 cod.
2405 3530 2530 3598 Ox.
2562 3530 2642 3595 de
2671 3532 2982 3598 mensuris
3016 3532 3117 3616 (in
3146 3555 3294 3619 app.
3321 3533 3519 3599 huius

586 3632 859 3717 operis):
900 3636 1277 3718 quormm'eu
1315 3636 1527 3720 quotiq
1572 3631 1948 3716 (adfundere
1977 3632 2298 3719 postea?).
2372 3631 2880 3718 Praepositionis
2907 3634 3049 3700 loco
3077 3634 3406 3701 invenitur
3447 3638 3518 3703 in

584 3734 745 3820 priv.
792 3735 946 3801 eccl.
992 3735 1228 3801 Land.:
1278 3737 1360 3822 dy
1403 3735 1636 3821 eccluye
1678 3732 1902 3800 Teliau
1943 3735 2060 3799 hac
2100 3735 2204 3797 dir
2247 3736 2406 3819 escip
2451 3734 2536 3797 ou
2571 3736 2744 3820 queri
2779 3735 2851 3818 ef
2881 3735 3228 3820 (ecclesiae
3257 3736 3516 3805 Teliavi

588 3844 652 3899 et
700 3836 1023 3923 episcopis
1068 3836 1363 3902 omnibus
1404 3845 1553 3924 post
1596 3836 1795 3921 eum),
1837 3860 1924 3922 9η
1950 3836 2364 3922 yscumunetic
2401 3856 2482 3920 yr
2507 3834 2622 3899 neb
2665 3838 2734 3900 ai
2759 3847 2924 3901 torro
2964 3838 3082 3901 Ιιασ
3121 3860 3204 3924 ay
3229 3840 3520 3905 daninuo

584 3958 629 4020 9
676 3936 913 4021 bryeint
952 3938 1125 4003 kann
1165 3938 1283 4005 hac
1322 3939 1395 4021 ef
1424 3938 1547 4023 Ιια9
1578 3938 1769 4023 plant
1796 3946 1988 4023 ‘quety
2030 3937 2100 4022 es
2152 3935 2767 4019 (excommunicatus
2818 3938 2878 4004 is
2931 3938 3040 4025 qui
3089 3938 3200 4004 vel
3249 3938 3520 4026 fregerit

588 4037 695 4102 vel
738 4038 1105 4123 despexerit
1144 4038 1267 4104 hoc
1306 4037 1742 4124 privilegium,
1786 4046 1916 4102 tam
1957 4038 2100 4123 ipse
2146 4060 2332 4125 quam
2377 4038 2517 4104 eius
2559 4037 2746 4103 liberi
2787 4048 2937 4125 post
2976 4039 3151 4124 eum)
3193 4039 3271 4105 L.
3299 4040 3516 4109 Laud.

584 4162 646 4224 p.
684 4140 823 4203 113.
926 4138 1007 4204 In
1047 4138 1250 4206 Mau:
1319 4140 1532 4225 ywedy
1569 4134 1627 4225 ’9
1664 4150 1872 4225 yawat
1907 4139 2210 4225 yoleuhau
2251 4160 2444 4205 aomo
2489 4160 2571 4225 yr
2611 4162 2784 4225 awyr
2839 4140 3020 4227 (post
3067 4151 3518 4227 tempestatem

583 4240 937 4306 clarescere
978 4241 1195 4328 coepit
1238 4240 1376 4325 aer)
1436 4244 1491 4322 1,
1542 4242 1635 4305 13.
1697 4241 1912 4327 qwedy
1965 4240 2237 4325 lleueryd
2285 4262 2407 4306 nac
2461 4241 2660 4305 udunt
2713 4240 2894 4326 (post
2941 4242 3322 4309 locutionem
3379 4268 3518 4311 non

582 4341 697 4424 iis„
758 4350 909 4428 post
950 4342 1431 4427 denegationem
1475 4342 1555 4407 iis
1597 4340 1859 4425 factam)
1905 4342 1962 4421 2,
2007 4342 2149 4406 240.
2238 4339 2400 4409 Οιιιιι
2443 4342 2786 4408 infinitivo:
2838 4344 3052 4430 ywedy
3089 4344 3175 4427 ffo
3220 4367 3266 4430 9
3305 4346 3522 4413 llnoed

582 4442 805 4506 acklan
861 4441 1229 4529 (postquam
1280 4444 1577 4530 fugerunt
1618 4442 1842 4529 copiae
1897 4443 2194 4529 cunctae)
2257 4446 2315 4525 2,
2347 4444 2490 4509 240.
2554 4443 2768 4529 9ωεᾱ9
2813 4444 2947 4509 llad
2982 4466 3026 4529 9
3065 4466 3240 4530 qur
3277 4448 3516 4533 hynny.

577 4565 622 4627 9
662 4545 838 4607 rodes
872 4566 951 4628 yr
996 4544 1079 4608 eil
1116 4544 1381 4631 kyuarth.
1421 4544 1794 4631 (postquam
1838 4544 2076 4609 occidit
2117 4544 2290 4609 viros
2319 4544 2490 4625 illos,
2537 4544 2715 4611 dedit
2755 4545 3022 4612 alterum
3065 4551 3516 4635 congressum)

584 4646 642 4733 2,
676 4644 817 4713 243.
883 4646 1099 4730 9ωεᾱ9
1132 4658 1355 4732 yoruot
1404 4646 1611 4727 arnafi
1669 4646 2041 4731 (postquam
2085 4644 2414 4731 superavit
2455 4646 2586 4730 me)
2635 4650 2688 4730 1,
2723 4648 2823 4715 25.
2883 4649 3100 4735 ywedy
3143 4646 3373 4715 blinaw
3423 4674 3518 4736 9η

576 4744 799 4829 ymlad
840 4748 1208 4831 (postquam
1254 4746 1545 4815 defessus
1592 4757 1691 4813 est
1731 4746 2110 4833 pugnando)
2157 4749 2212 4829 1,
2245 4748 2400 4828 2593
2447 4747 2524 4814 cf.
2571 4770 2678 4835 pp.
2711 4748 2856 4815 538.
2888 4752 3031 4816 545.

754 4842 948 4912 Corn.
999 4845 1287 4930 WOSE‚
1332 4846 1610 4915 WOGE
1656 4846 1887 4932 (semel
1927 4847 2151 4935 weqe)=
2215 4870 2367 4914 wose
2409 4861 2509 4935 try
2549 4850 2730 4935 deyck
2771 4851 2854 4916 Ιια
2895 4852 3110 4915 banter-
3150 4852 3336 4938 (post
3373 4863 3514 4921 tres

582 4947 720 5013 dies
766 4957 829 5013 et
870 4948 1225 5031 dimidium)
1286 4948 1364 5015 R.
1409 4951 1551 5015 226.
1616 4972 1779 5037 woqe
1818 4971 1995 5035 eoper
2057 4952 2236 5035 (post
2276 4948 2528 5033 cenam)
2581 4948 2667 5015 D.
2709 4952 2854 5017 834.
2919 4974 3071 5017 wore
3113 4952 3314 5019 henna
3355 4978 3516 5042 evyn

580 5048 841 5134 (postea
884 5049 1207 5133 bibamus)
1254 5047 1335 5115 O.
1367 5051 1553 5115 2626.
1618 5072 1774 5138 weye
1813 5050 2015 5115 herma
2051 5072 2098 5135 9
2121 5054 2368 5135 syranae
2412 5052 2671 5139 (postea
2709 5052 2944 5138 voluit)
2989 5051 3070 5119 Ο.
3103 5055 3286 5121 2828.
3357 5080 3518 5123 wose

578 5150 849 5233 hemma,
904 5174 1065 5239 woqe
1106 5152 1377 5233 hemma,
1432 5175 1594 5239 woye
1633 5154 1854 5219 henma
1901 5151 2231 5239 (posthac)
2278 5152 2357 5221 Ο.
2397 5156 2575 5221 1026.
2621 5156 2802 5221 1427.
2847 5154 2928 5222 D.
2963 5154 3144 5222 1327.
3210 5180 3365 5223 wose
3405 5182 3516 5247 my
