3717 5642
910 389 1034 455 m.
1077 390 1140 454 2.
1207 405 1414 454 vnum
1456 405 1638 454 sarr.
1683 405 1916 454 Ac'rm
1956 403 2138 453 com.
2182 405 2271 452 111
2312 403 2467 452 omn
2817 389 2958 452 (514)
3025 388 3149 452 513

245 577 406 657 illud,
455 585 558 642 est
600 577 772 663 quod
815 599 940 641 noti
993 575 1274 662 capias),
1335 575 1522 638 hawd
1557 597 1654 660 yw-
1695 574 1943 661 qennys
1972 573 2155 658 kaffel
2194 574 2399 660 hynny
2440 573 2543 660 kyt
2588 571 2911 658 tybyckyoh
2956 577 3025 639 di
3064 599 3149 638 na

247 680 301 742 ὁο
335 680 518 744 Ιιαωᾶ
571 677 790 762 (facile
837 685 936 744 est
977 676 1134 741 mihi
1177 697 1408 764 capere
1451 675 1639 756 illud,
1688 675 1977 762 quamvis
2024 675 2306 762 opineris
2349 683 2421 739 tu
2463 697 2591 738 non
2636 697 2779 740 esse
2820 675 3041 761 facile)
3088 678 3145 758 2,

246 782 346 844 222
389 791 509 846 etc.
593 781 850 865 pyderw
889 782 1012 862 ytti
1043 789 1198 864 pryt
1249 788 1362 842 nat
1403 777 1718 862 atteppych
1760 799 1804 862 y
1845 775 1959 840 neb
2004 777 2197 840 hediw
2242 777 2427 864 (quid
2470 775 2705 840 accidit
2742 777 2897 860 tibi,
2955 799 3149 863 quare

247 906 348 946 non
393 881 788 967 respondeas
833 879 1130 966 cuiquam
1171 878 1361 942 hodie
1379 877 1438 958 Ρ)
1489 881 1543 959 1,
1580 879 1676 943 18.
1739 898 1832 962 pa
1878 877 2081 942 uedwl
2116 901 2217 962 yw
2260 879 2343 964 dy
2384 889 2481 942 teu
2526 877 2597 940 di
2634 877 2835 942 unbem
2872 891 3023 964 pryt
3064 903 3149 942 na

246 982 588 1068 buyctehyelt
629 983 826 1069 (quae
871 981 1170 1068 cogitatio
1219 989 1320 1046 est
1359 989 1502 1058 tua,
1548 979 1834 1058 domine,
1884 1001 1995 1043 cur
2036 1001 2165 1044 non
2212 1001 2405 1045 cenes
2419 979 2481 1062 Ρ)
2526 979 2584 1060 2,
2626 979 2727 1042 63.
2802 990 2921 1044 tau,-
2962 981 3069 1064 Izyt
3107 1002 3150 1064 y

246 1085 522 1169 mynuych
579 1085 754 1168 (tace
796 1082 1095 1169 quamdiu
1139 1081 1350 1166 voles)
1405 1083 1460 1160 3,
1494 1082 1595 1146 22.
1674 1081 1917 1167 paarch
1975 1080 2213 1166 bynnac
2254 1081 2549 1163 aercltych.
2606 1083 2677 1145 di
2712 1085 2847 1168 ymi
2900 1083 3151 1167 (quam-

247 1207 472 1272 cunque
517 1185 896 1272 petitionem
937 1185 1244 1270 petiveris
1293 1191 1360 1246 tu
1407 1205 1445 1248 a
1487 1184 1618 1267 me)
1665 1184 1722 1264 3,
1757 1185 1858 1247 21.
3150 1213 3163 1226 ·

389 1285 584 1354 Corn.
631 1285 722 1350 Y:
779 1307 875 1348 me
918 1287 1022 1348 ath.
1066 1307 1181 1370 pys
1220 1308 1366 1372 may
1411 1287 1618 1370 leuery
1661 1287 1846 1370 (rogo
1890 1295 1953 1350 te
1998 1292 2069 1347 ut
2113 1283 2321 1369 dicas)
2364 1283 2441 1349 R.
2477 1285 2659 1348 2046.
2722 1307 2867 1372 may
2911 1287 3151 1370 leuem-y

249 1391 332 1472 (ut
367 1389 582 1474 dicas)
624 1387 708 1452 D.
747 1389 926 1454 1323.
1009 1399 1063 1452 te
1105 1413 1190 1452 na
1231 1389 1430 1473 yllyth,
1471 1401 1728 1470 omwe’Je
1767 1409 1848 1450 vn
1884 1409 2031 1472 pres
2068 1409 2154 1472 yn
2193 1387 2371 1472 yqyth
2413 1413 2497 1451 πα
2530 1388 2735 1474 peqhy
2780 1386 2881 1470 (tu
2922 1386 3151 1476 nequis

251 1514 454 1556 cavere
489 1489 681 1555 ullum
709 1499 961 1576 tempus
1007 1491 1132 1555 diei
1177 1514 1260 1556 ne
1303 1488 1566 1576 pecces)
1608 1487 1683 1554 P.
1727 1487 1827 1568 20,
1864 1491 1922 1554 3.
2004 1487 2219 1573 baem
2259 1487 2449 1574 hepar
2490 1489 2588 1554 del
2626 1510 2831 1574 vynny
2874 1487 3016 1573 (fiat
3062 1487 3155 1552 ita

245 1603 304 1656 ιιι
337 1591 546 1676 voles)
594 1593 696 1672 57,
743 1593 802 1655 4.
885 1591 984 1655 del
1035 1614 1240 1678 vynny
1295 1591 1386 1676 (si
1427 1590 1560 1676 vis)
1619 1589 1697 1657 O.
1741 1591 1927 1656 2201.
1996 1590 2095 1654 del
2130 1611 2237 1676 ym
2289 1589 2471 1676 loerry
2530 1589 2617 1675 (si
2672 1613 2775 1656 me
2820 1588 3026 1674 amas)
3071 1587 3151 1656 Ο.

250 1695 412 1758 2218.
458 1693 538 1760 R.
575 1695 760 1760 1859.
794 1694 978 1758 2045.
1048 1693 1147 1756 del
1185 1715 1290 1780 ym
1331 1693 1539 1780 kyrry,
1581 1693 1680 1756 del
1719 1713 1814 1756 om
1844 1691 1999 1778 kyry
2044 1691 2193 1777 (id.)
2238 1689 2318 1758 O.
2351 1693 2494 1760 537.
2538 1689 2621 1756 D.
2654 1694 2796 1758 991.
2851 1691 2933 1756 ha
2976 1713 3073 1755 me
3112 1715 3155 1754 a

251 1797 384 1881 myth
429 1817 558 1859 nan
605 1796 794 1881 lycio-y
838 1794 932 1878 (et
977 1817 1094 1880 ego
1141 1797 1407 1877 cavebo,
1454 1818 1536 1860 ne
1582 1817 1728 1860 eum
1767 1792 2028 1878 fureris)
2072 1793 2147 1859 R.
2182 1795 2281 1860 58.
2348 1817 2475 1878 pan
2515 1795 2684 1881 qyffy
2728 1793 2949 1858 dalhen
2988 1814 3154 1876 ymno

246 1897 398 1981 (cum
439 1897 710 1962 habebis
757 1897 1116 1982 captionem
1161 1896 1228 1960 in
1275 1897 1384 1981 eo)
1428 1897 1510 1962 D.
1543 1897 1686 1961 992.
2024 1883 2029 1888 ’

392 1999 616 2064 Arem.
659 1997 694 2063 I
739 1997 898 2082 (-y):
971 1998 1096 2060 mir
1137 2021 1255 2062 nen
1299 1999 1504 2084 heuliy
1547 1999 1669 2061 mir
1709 2019 1846 2061 men
1892 1999 2129 2060 cometti
2171 2009 2313 2082 quet
2366 1997 2555 2082 (cave
2599 2021 2683 2063 ne
2728 1997 2794 2061 id
2838 1997 3147 2083 sequaris,

250 2121 384 2164 cave
423 2123 506 2166 ne
555 2100 624 2164 id
669 2099 1044 2182 committas,
1091 2099 1454 2186 peccatum)
1501 2098 1662 2165 Buh.
1706 2101 1806 2179 66,
1853 2101 1911 2164 3.
1992 2100 2175 2162 ἀέσαι
2215 2101 2369 2184 quin
2411 2121 2549 2161 ma:
2592 2097 2835 2184 abotiny
2892 2099 2963 2182 (a
3006 2099 3153 2164 vino

251 2211 308 2264 ut
343 2201 696 2284 abstineas)
743 2203 842 2281 70,
881 2201 975 2266 10.
1036 2203 1161 2264 mir
1201 2227 1288 2266 na
1315 2201 1448 2282 filli
1487 2199 1668 2285 (vide
1712 2223 1795 2266 ne
1841 2201 2065 2284 erres),
2112 2223 2198 2264 na
2240 2222 2323 2262 na
2342 2201 2605 2285 parim-i
2644 2200 2839 2284 (neve
2868 2200 3152 2287 peieres)

253 2303 372 2382 166,
403 2305 463 2367 4.
497 2305 556 2368 5.
631 2304 758 2364 enit
797 2323 936 2365 maz
975 2303 1140 2386 quiza·
1181 2302 1281 2386 (ιιι
1327 2303 1579 2388 videas)
1630 2303 1768 2383 124,
1806 2303 1901 2366 13.
1968 2323 2105 2364 maz
2147 2321 2373 2386 quer-:y
2416 2299 2519 2386 (ut
2562 2301 2875 2386 ambules)
2925 2303 3062 2382 196,
3100 2305 3155 2366 1.

251 2427 372 2466 maz
412 2405 598 2488 credy
641 2402 744 2486 (ut
787 2403 1040 2488 credas)
1083 2401 1219 2468 MJ.
1257 2403 1376 2468 183
1391 2427 1445 2468 a.
1505 2415 1602 2466 ‘ret
1643 2425 1716 2466 eu
1759 2425 1822 2466 ez
1865 2405 2067 2488 miv-vy
2112 2402 2410 2485 (necesse
2456 2411 2554 2467 est
2596 2402 2915 2488 moriaris)
2960 2405 3040 2468 65
3056 2425 3113 2468 a.

396 2507 456 2570 3.
501 2527 673 2591 pers.
733 2505 964 2570 cambr.
1014 2503 1100 2570 O:
1175 2517 1400 2589 trayan
1456 2504 1642 2589 akafo
1698 2505 2024 2590 (trientem
2080 2503 2219 2568 eius
2278 2503 2447 2588 quod
2491 2505 2839 2591 acceperit)
2894 2503 3051 2590 Leg.
3103 2507 3153 2585 l,

253 2609 296 2684 1,
325 2609 380 2671 5.
449 2607 762 2690 euluydyn
806 2606 1025 2689 kentaf
1058 2605 1404 2670 emarchoco
1449 2607 1684 2692 (primo
1729 2627 1896 2670 anno
1943 2626 2068 2691 quo
2115 2603 2525 2690 equitaverit)
2576 2609 2630 2686 1,
2664 2607 2721 2688 7,
2758 2607 2851 2671 12.
2919 2627 2991 2670 ω·
3022 2629 3157 2692 pan

247 2709 412 2771 archo
480 2708 594 2792 (ex
643 2729 767 2792 quo
815 2705 1239 2792 mandaverit)
1289 2709 1342 2789 1,
1381 2707 1478 2790 18,
1513 2709 1569 2772 5.
1638 2731 1712 2770 ac
1755 2707 1867 2771 καί
1901 2731 1944 2794 y
1987 2727 2123 2770 mae
2163 2703 2425 2792 mynych.
2473 2727 2553 2790 ψ·
2594 2705 2706 2769 neb
2751 2707 3156 2794 aymlcanlyno

250 2832 312 2871 ac
362 2811 654 2893 ymladeu
695 2809 1039 2894 aryueloed.
1099 2809 1326 2892 effrawc
1369 2811 1508 2875 alas
1549 2807 1939 2873 aeckwemez'b
1994 2807 2090 2891 (et
2132 2815 2202 2870 ut
2241 2807 2316 2870 fit
2360 2824 2553 2892 saepe
2600 2807 2659 2872 ei
2720 2809 2829 2896 qui
2870 2821 3159 2876 versetur

249 2907 302 2972 in
327 2909 558 2996 pugnis
593 2919 656 2976 et
684 2909 892 2991 bellis,
941 2907 1020 2976 E.
1054 2911 1304 2976 occisus
1339 2921 1448 2977 est·
1480 2920 1542 2976 et
1573 2933 1686 2976 sex
1718 2910 1835 2974 filii
1870 2908 2041 2993 eius)
2074 2905 2247 2973 Mab.
2286 2910 2339 2987 1,
2372 2908 2514 2971 235.
2556 2923 2797 2994 qumaet
2822 2912 2987 2976 iawn
3031 2913 3161 2978 mal

251 3029 286 3092 y
327 3009 514 3074 barno
552 3033 742 3098 ,φονου
781 3033 958 3097 ywyr
995 3033 1039 3095 y
1085 3011 1198 3098 llys
1241 3011 1642 3097 (satisfaciat
1665 3021 1734 3076 ut
1774 3009 2201 3075 iudicaverint
2242 3007 2463 3094 optimi
2510 3007 2629 3072 viri
2674 3012 2917 3097 curiae)
2964 3013 3020 3094 2,
3054 3015 3154 3079 25.

247 3134 318 3174 na
357 3111 640 3198 vataaf
665 3111 960 3197 ymkyffes
1011 3114 1197 3196 yduw
1240 3113 1348 3178 heb
1390 3117 1460 3178 hi
1493 3135 1620 3198 yny
1647 3123 1906 3198 vattao
1946 3133 2120 3197 qur
2158 3110 2345 3194 yssyd
2384 3131 2463 3172 ar
2499 3131 2581 3195 ψ
2608 3111 2734 3175 elor
2772 3135 2952 3178 raeco
2998 3115 3158 3196 (non

252 3215 476 3279 cenabo
521 3235 639 3300 per
681 3212 1153 3280 confessionem
1199 3215 1302 3280 dei
1345 3237 1566 3296 meam,
1610 3213 1820 3300 inquit
1861 3213 1991 3295 illa,
2039 3211 2245 3277 donec
2289 3222 2475 3276 cenet
2518 3212 2617 3276 vir
2661 3213 2769 3301 qui
2814 3223 2913 3280 est
2954 3215 3022 3280 in
3064 3215 3155 3281 fe-

251 3323 400 3379 retro
443 3315 590 3400 ino)
641 3315 700 3396 2,
733 3315 832 3379 59.
899 3313 1022 3378 ιώ
1063 3317 1168 3380 am
1215 3316 1357 3382 {ado
1401 3317 1664 3403 (quaere
1709 3315 1822 3402 qui
1864 3325 1929 3379 te
1974 3311 2227 3396 caedat)
2284 3313 2341 3393 3,
2378 3313 2477 3378 13.
2542 3315 2825 3400 arqlwyd
2866 3317 2976 3381 heb
3019 3318 3157 3402 [ηομ
3298 3277 3323 3300 “

245 3415 434 3500 kymer
471 3426 616 3502 qret
664 3437 708 3502 y
747 3415 1018 3501 mackwy
1077 3439 1164 3482 na
1205 3419 1458 3503 dywetto
1511 3437 1584 3482 or
1626 3416 1850 3480 awelas
1898 3435 2091 3500 ymon
2144 3413 2456 3498 (domine,
2510 3415 2808 3502 inquiunt
2848 3419 2897 3482 ii
2917 3471 2933 3502 ,
2980 3441 3157 3486 sume

246 3517 418 3583 fidem
461 3515 684 3603 pueri,
750 3537 892 3581 eum
933 3539 1065 3583 11011
1111 3517 1450 3600 dicturum,
1509 3541 1591 3584 ne
1636 3517 1808 3582 dicat
1853 3517 1933 3582 de
1978 3538 2054 3581 eo
2098 3515 2269 3602 quod
2311 3515 2476 3580 vidit
2516 3515 2653 3602 hic)
2713 3522 2765 3600 1,
2799 3521 2942 3585 264.
3012 3523 3155 3586 duw

247 3618 414 3683 adalo
458 3621 540 3682 itt
588 3617 780 3702 (deus
825 3627 1057 3705 penset
1097 3619 1268 3705 tibi),
1313 3621 1453 3684 duw
1499 3621 1690 3684 arodo
1733 3620 1818 3684 da
1841 3629 1939 3704 yet
1978 3617 2167 3702 (deus
2213 3615 2321 3682 det
2362 3617 2599 3684 bonum
2626 3619 2777 3703 tibi)
2820 3619 2906 3708 fq.
2996 3621 3159 3689 Cum

246 3719 549 3804 particula
593 3719 867 3786 actionis
909 3719 1262 3806 perfectae:
1306 3731 1418 3806 nyt
1457 3741 1552 3784 oea
1577 3771 1590 3786 .
1617 3771 1632 3784 .
1660 3770 1673 3785 .
1697 3741 1930 3805 namyn
1964 3741 2045 3804 91·
2073 3729 2225 3804 ancy
2269 3715 2450 3783 huma
2492 3741 2605 3806 aye
2643 3741 2721 3808 ry
2765 3723 2953 3806 dyoko
2999 3723 3159 3806 (non

253 3829 340 3886 est
377 3821 512 3886 nisi
555 3843 686 3886 una
725 3820 950 3886 domus
995 3819 1153 3886 haec
1198 3843 1389 3908 quam
1429 3843 1562 3888 non
1605 3817 1968 3904 abstulerit)
2018 3821 2070 3902 1,
2105 3819 2203 3886 28.

396 3921 594 3990 Corn.
645 3919 732 3987 O:
789 3921 925 3984 mel
975 3944 1016 3985 α
1055 3943 1256 4007 vyuno
1311 3921 1410 3987 bos
1451 3923 1668 4009 oylwya
1723 3921 2047 4008 (quisquis
2099 3919 2237 3986 vult
2279 3919 2544 4004 salvari)
2600 3921 2674 3988 P.
2718 3925 2777 4005 2,
2816 3927 2872 3988 1.
2952 3925 3064 3988 neb
3118 3949 3159 3988 a

250 4043 432 4106 cyano
471 4047 518 4110 y
558 4024 784 4110 qlewae
827 4021 970 4110 (qui
1011 4023 1150 4088 vult
1190 4023 1258 4088 id
1297 4023 1546 4106 audire,
1591 4023 1856 4088 verbum
1900 4020 2034 4104 dei)
2084 4023 2179 4104 12,
2210 4011 2293 4086 4.'
2322 4021 2509 4104 forth
2550 4043 2776 4108 nynqee
2810 4047 2953 4110 may
2994 4025 3159 4090 hallo

248 4121 342 4186 boe
382 4125 612 4209 deflam
651 4125 829 4208 yum's
873 4123 1014 4208 (via
1053 4146 1182 4189 non
1229 4133 1328 4191 est
1370 4147 1496 4210 qua
1537 4123 1745 4210 possit
1785 4123 2075 4210 purgari)
2106 4123 2206 4206 32,
2238 4125 2298 4187 4.
2342 4145 2567 4187 manno
2611 4123 2733 4188 allo
2779 4125 2889 4210 (116
2918 4125 3158 4214 possit)

251 4223 334 4302 19,
361 4225 422 4288 4.
479 4248 526 4288 a
557 4224 815 4308 w03affo
858 4222 1000 4309 (qui
1031 4225 1295 4312 patitur)
1326 4225 1426 4308 24,
1459 4226 1516 4289 2.
1577 4237 1664 4287 a'n
1703 4225 1935 4309 deppro
1971 4247 2131 4311 qaus
2172 4245 2463 4310 ereqyam
2507 4225 2593 4288 da
2634 4224 2775 4311 (qui
2820 4249 2965 4291 eum
2994 4227 3157 4309 edet,

251 4345 490 4406 panem,
535 4348 686 4392 cum
725 4325 855 4391 fide
895 4325 1098 4409 bona)
1141 4327 1243 4408 44,
1275 4329 1334 4391 4.
1421 4325 1583 4392 Post
1624 4348 1658 4390 ο
1699 4325 1987 4390 vocalem
2030 4323 2153 4390 Y·
2136 4347 2204 4389 111
2247 4323 2534 4391 anomale
2577 4347 2689 4410 roy
2730 4326 2921 4412 (det).

395 4429 624 4494 Arem.
672 4425 731 4494 Ο
776 4426 1186 4512 (60111.).πα
1223 4425 1388 4514 yallo
1431 4427 1534 4511 (ιιι
1573 4449 1704 4492 11011
1746 4425 1984 4513 possit)
2028 4401 2390 4491 MJ.138a.
2453 4427 2563 4490 doe
2604 4447 2750 4491 roen
2792 4432 2876 4491 tir
2918 4452 2959 4490 a
3002 4430 3159 4492 miro

249 4525 328 4589 dit
366 4539 468 4594 tra
511 4531 703 4594 heda-o
745 4551 830 4592 na
859 4551 1044 4593 noaso
1086 4539 1228 4613 quet
1268 4527 1459 4613 (deus
1501 4549 1617 4593 rex
1646 4527 1863 4593 mundi
1904 4525 2286 4614 providebit,
2331 4549 2414 4592 116
2454 4527 2575 4593 tibi
2606 4530 2949 4616 quidquam
2990 4553 3159 4595 nunc

251 4629 494 4714 noceat)
541 4627 708 4696 Buh.
761 4631 820 4711 6,
863 4631 962 4696 26.
1035 4651 1162 4716 pen
1205 4631 1417 4694 diaoul
1454 4651 1597 4694 ‘ram
1621 4629 1807 4714 foulo
1864 4629 2005 4713 (aut
2051 4627 2343 4694 diabolus
2388 4651 2487 4695 me
2532 4630 2892 4715 conculcet)
2955 4631 3053 4712 88,
3100 4633 3159 4696 5.

253 4749 318 4790 ra
347 4731 478 4814 pell
499 4731 674 4816 pado
718 4731 860 4815 (diu
888 4731 1093 4816 vivat)
1139 4731 1280 4812 200,
1317 4733 1412 4796 19.
1477 4733 1588 4796 doe
1607 4781 1622 4796 .
1649 4781 1663 4796 .
1689 4783 1703 4796 .
1735 4755 1848 4796 ναι
1878 4731 2117 4794 remedo
2159 4729 2348 4814 (deus
2378 4729 2703 4796 medeatur
2729 4731 2879 4817 tibi)
2928 4735 3066 4815 194,
3100 4735 3157 4798 2.

253 4829 380 4894 doe.
406 4879 422 4894 .
450 4881 466 4896 .
491 4853 638 4898 ram
673 4823 960 4918 pardem
1001 4834 1192 4918 (deus
1237 4831 1530 4918 ignoscat
1557 4831 1746 4916 mihi)
1792 4833 1893 4914 44,
1925 4834 1984 4897 4.
2043 4833 2153 4896 doe
2192 4853 2298 4895 roz
2339 4831 2512 4896 saluo
2556 4833 2746 4917 (deus
2777 4833 2983 4898 salvet
3012 4834 3158 4916 vos)

261 4931 382 5014 112,
413 4935 474 4998 6.
545 4955 686 4998 ma:
731 4936 956 5020 desquo
999 4935 1100 5020 (ιιι
1143 4933 1378 5018 discat)
1427 4935 1565 5016 110,
1597 4936 1655 4999 2.
1709 4955 1850 4997 ‘maz
1890 4933 2059 5020 qallo
2103 4933 2205 5017 (ut
2232 4933 2466 5019 possit)
2497 4934 2596 5016 58,
2631 4935 2688 4998 9.
2746 4957 2881 4999 maz
2922 4937 3161 4998 eicouro

257 5032 352 5097 doe
388 5036 490 5120 (ιιι
533 5036 717 5104 iuvet
755 5045 822 5103 te
868 5038 1058 5121 deus)
1119 5037 1257 5118 198,
1301 5037 1357 5100 2.
1459 5033 1591 5102 Sed
1635 5045 1782 5122 post
1821 5035 2081 5102 vocales
2127 5061 2167 5100 α
2228 5044 2292 5101 et
2335 5058 2370 5101 o
2424 5036 2825 5122 potissimum
2867 5035 2902 5100 I
2944 5033 3159 5123 (opt),

261 5131 328 5197 cf.
367 5135 476 5202 fut.
525 5149 593 5204 et
633 5139 834 5204 verba
875 5137 1182 5204 anomala.

377 5255 566 5320 Ztvss,
603 5273 811 5310 oanan.
849 5275 1003 5311 cnm.
1037 5255 1136 5310 En.
1175 5256 1242 5310 11.
2692 5261 2759 5312 33
