3717 5642
597 403 721 470 530
782 405 924 468 (524)
1145 399 1270 468 ΠΙ.
1317 402 1375 466 2.
1439 419 1642 468 vnum
1681 419 1860 468 surr.
1904 419 2160 468 PAssxvr
2201 419 2430 472 rmus.
2474 420 2563 468 ιιι·
2602 420 2756 468 rur.
2798 419 2985 472 rum.

596 589 926 657 audiemus
983 610 1176 657 canes
1190 640 1206 671 ‚
1265 609 1408 654 cum
1463 586 1886 670 dimittentur,
1955 597 2021 653 et
2074 610 2218 654 cum
2258 588 2572 676 incipient
2623 588 2884 675 latrare)
2938 587 3111 656 Mab.
3155 587 3215 670 2,
3260 589 3321 654 9.
3380 609 3514 672 pan

595 715 829 779 vynner
880 693 978 757 idi
1028 693 1166 757 tewi
1203 691 1272 756 ln·
1319 690 1496 776 (cum
1538 690 1889 776 optabitur,
1948 712 2091 756 cum
2140 691 2461 759 iubebitur
2504 714 2581 758 ea
2620 690 2864 776 tacere)
2920 692 2979 772 2,
3026 691 3170 756 224.
3234 711 3318 774 ny
3358 688 3517 754 helir

595 795 784 858 twrch
827 793 1048 880 trwyth
1079 815 1207 880 yny
1244 791 1445 880 paffer
1485 793 1770 878 drutwyn
1813 791 1976 876 (non
2026 793 2137 859 fiet
2175 793 2431 859 venatio
2476 793 2548 859 T.
2579 793 2653 859 T.
2699 794 2905 859 donec
2947 789 3234 878 capiatur
3259 789 3411 874 Dr.)
3454 791 3514 872 2,

594 897 736 962 226.
824 894 991 962 Cum
1033 917 1212 982 pron.
1243 893 1382 960 insa
1426 895 1534 979 hyt
1575 906 1676 957 tra
1702 905 2009 982 quatter
2046 916 2265 980 ynvyw
2309 894 2643 981 (quamdiu
2687 896 2988 961 servabor
3016 893 3233 978 vivus)
3278 895 3337 974 2,
3370 892 3514 955 221.

589 999 780 1082 ydym
821 999 1042 1082 wyrda
1087 999 1194 1082 leyt
1236 1007 1335 1060 ινα
1373 995 1802 1081 yndyyyrclzer
1844 994 2098 1079 (sumus
2142 995 2262 1060 viri
2303 997 2573 1081 nobiles,
2620 997 2921 1082 quamdiu
2964 994 3236 1079 adimur)
3280 995 3342 1073 2,
3371 993 3515 1058 203.

759 1097 1003 1164 Eadem
1045 1099 1248 1164 forma
1291 1094 1620 1181 suppletur
1660 1096 2203 1184 imperativus„
2250 1098 2429 1164 cuius
2472 1121 2602 1165 non
2646 1109 2747 1166 est
2784 1099 2986 1166 forma
3023 1095 3314 1187 propria:
3362 1094 3521 1158 taler

589 1201 702 1286 yla·
738 1201 1048 1287 ebaquedy
1093 1199 1435 1287 (pendatur
1479 1195 1556 1278 ei,
1601 1196 1873 1281 mulieri,
1921 1200 2044 1265 dos
2070 1199 2238 1284 eius)
2280 1199 2438 1286 Leg.
2472 1203 2531 1284 2,
2568 1204 2623 1283 1,
2656 1203 2714 1266 9.
2768 1225 2857 1268 na
2895 1199 3118 1264 rodker
3160 1199 3275 1284 (ne
3305 1197 3519 1280 detur)

593 1301 766 1368 Mab.
799 1304 855 1382 2,
888 1303 990 1366 22.
1054 1301 1344 1387 kyweirer
1382 1321 1426 1385 y
1468 1301 1718 1362 minum
1759 1323 1837 1386 vy
1877 1302 2091 1365 march
2135 1291 2421 1387 (paretur
2460 1302 2616 1368 mihi
2662 1325 2864 1389 equus
2900 1299 3114 1386 meus)
3160 1305 3216 1382 1,
3246 1299 3391 1366 253.

763 1402 985 1470 Corn.
1030 1404 1161 1468 ind.
1207 1401 1346 1483 YR,
1393 1399 1512 1465 ER
1556 1399 1880 1485 (inficiens
1924 1425 1964 1464 a
2008 1411 2077 1466 ιιι
2106 1404 2399 1489 cambr.):
2434 1405 2542 1490 ple
2580 1403 2755 1490 keffir
2799 1406 2919 1489 dyc
2957 1425 3146 1491 yrous
3190 1401 3335 1466 aral
3377 1399 3523 1485 (ubi

594 1505 1000 1571 invenientur
1043 1505 1204 1570 duae
1250 1524 1474 1570 cruces
1517 1502 1751 1586 aliaeP)
1795 1501 1879 1566 D.
1913 1505 2097 1569 2576.
2166 1505 2331 1570 aban
2372 1531 2460 1571 na
2495 1506 2680 1592 qqur
2719 1503 3207 1591 ken,(quoniam
3247 1525 3379 1569 non
3422 1502 3523 1566 in-

595 1607 848 1672 venitur
889 1605 1046 1689 alia,
1106 1606 1320 1691 arbor)
1367 1602 1445 1671 O.
1489 1605 1673 1670 2503.
1733 1625 1826 1689 py
1868 1603 2035 1689 kqfer
2070 1627 2227 1692 pren
2271 1607 2373 1692 thy
2416 1628 2665 1691 crousye
2719 1605 2860 1690 (ubi
2914 1605 3276 1672 invenietur
3332 1605 3527 1670 arbor

595 1708 678 1773 ad
720 1707 1214 1794 crucifigendum
1248 1728 1392 1772 eum
1408 1704 1466 1789 Ρ)
1509 1703 1590 1768 D.
1625 1705 1808 1770 2535.
1870 1707 2154 1792 ymkener
2198 1707 2393 1794 (inter
2436 1730 2553 1774 nos
2585 1708 2875 1793 canetur)
2923 1707 3002 1776 O.
3034 1709 3177 1774 562.
3240 1729 3327 1792 ny
3352 1707 3527 1792 yllyr

593 1831 662 1874 re
717 1811 812 1875 the
853 1810 1077 1874 worthe
1134 1809 1295 1894 (non
1336 1817 1522 1893 potes
1576 1806 1843 1872 nimium
1900 1807 2050 1890 coli;
2109 1809 2187 1876 de
2240 1809 2542 1876 infinitivi
2598 1809 3070 1877 constructione
3123 1808 3387 1898 passiva
3444 1807 3526 1874 cf.

592 1934 657 1997 p.
702 1910 856 1995 539)
911 1908 992 1976 O.
1039 1909 1219 1975 1852.
1245 1931 1260 1948 ·
1295 1929 1414 1994 ray
1465 1930 1508 1993 y
1549 1911 1788 1993 symm·
1826 1931 2009 1974 mara
2066 1910 2261 1996 leyna-
2311 1935 2467 1999 qam
2502 1934 2744 1999 paynye
2796 1933 2926 1976 mer
2967 1934 3057 1976 ow
3101 1911 3336 1998 dyswul
3370 1909 3529 1997 qlau

595 2013 770 2096 (nam
813 2011 1064 2097 cupitur
1107 2011 1164 2077 si
1204 2011 1432 2096 quitur,
1477 2011 1698 2077 volunt
1739 2011 1798 2078 si
1836 2021 2109 2097 possunt
2153 2035 2295 2079 cum
2324 2013 2610 2080 cruciatu
2651 2037 2881 2101 magno
2924 2037 3025 2080 me
3054 2013 3269 2080 delere
3296 2011 3527 2099 plane)

595 2113 676 2180 D.
710 2114 874 2178 2600
903 2135 1043 2200 sqq.
1102 2134 1222 2199 ray
1259 2135 1303 2199 y
1345 2114 1540 2200 hyller
1585 2133 1797 2198 ervyre
1827 2113 1951 2200 hay
1992 2115 2173 2178 melas
2216 2115 2391 2200 (nam
2420 2124 2636 2201 potest
2664 2115 3057 2184 considerari
3098 2125 3165 2182 et
3190 2115 3261 2180 id
3285 2113 3527 2194 videri3

597 2214 676 2282 cf.
705 2213 780 2280 P.
813 2217 914 2298 60,
953 2220 976 2278 l
1003 2239 1020 2278 ε
1067 2237 1151 2300 ny
1189 2239 1227 2278 a
1253 2215 1322 2300 yz
1343 2215 1568 2300 ywelas
1593 2215 1716 2302 hay
1743 2237 1972 2301 mmm-e,
2017 2238 2359 2302 possumus
2402 2216 2619 2283 videre
2650 2226 2713 2284 et
2741 2217 3177 2303 considerare)
3220 2215 3295 2281 P.
3326 2216 3431 2297 20,
3470 2218 3528 2280 1.

594 2339 777 2381 mara
817 2316 1000 2381 keller
1041 2339 1084 2402 y
1125 2317 1319 2402 wythe
1360 2316 1450 2401 (si
1494 2325 1709 2401 potest
1749 2317 1807 2382 is
1850 2317 2203 2403 prohiberi)
2256 2317 2339 2382 D.
2384 2319 2566 2384 3058.
2632 2319 2733 2384 del
2772 2321 2992 2406 redyer
3028 2343 3115 2406 yn
3161 2318 3285 2403 lyes
3328 2319 3383 2383 le
3424 2317 3535 2402 (ut

601 2418 832 2504 legitur
874 2417 1088 2483 multis
1130 2416 1322 2501 locis)
1366 2416 1448 2481 D.
1497 2418 1678 2482 1168.
1749 2439 1899 2484 man
1935 2419 2170 2505 queller
2221 2443 2263 2505 ᾳ
2304 2441 2414 2482 uer
2458 2421 2627 2503 (ver)
2688 2431 2925 2506 termyn
2977 2419 3079 2504 (ιιι
3118 2419 3187 2484 id
3228 2429 3536 2486 cernetur

601 2521 780 2588 brevi
825 2520 1136 2605 tempore)
1177 2518 1262 2584 D.
1311 2519 1488 2584 1940.
1530 2520 1710 2584 1963.
1744 2521 1930 2585 2200.
2020 2518 2185 2587 Cum
2226 2543 2405 2606 pron.
2451 2519 2592 2586 infi:
2662 2543 2736 2586 en
2779 2533 2875 2586 tae
2918 2546 2959 2586 a
2998 2523 3118 2606 nef
3142 2542 3250 2606 ym
3287 2521 3537 2607 yylwyr

606 2623 818 2710 (pater
862 2622 942 2688 de
985 2620 1163 2687 caelo
1205 2621 1428 2703 vocor)
1475 2618 1553 2686 Ο.
1589 2622 1645 2686 1.
1719 2632 1946 2686 master
1982 2621 2259 2708 yenouqlz
2294 2643 2403 2707 ym
2440 2623 2681 2710 gylwyr
2724 2622 3058 2710 (magister
3100 2643 3141 2687 a
3179 2621 3369 2688 vobis
3413 2645 3535 2710 ap-

601 2722 833 2810 pellor)
876 2721 962 2788 D.
993 2724 1136 2790 873.
1447 2734 1453 2748 '

780 2823 964 2892 Goni.
1007 2823 1128 2890 ER.
1171 2823 1328 2908 (non
1372 2822 1727 2907 inficiens):
1775 2845 1860 2886 na
1900 2844 2148 2909 sconyer
2186 2825 2429 2909 penda-a
2466 2847 2675 2911 wreny
2719 2824 2833 2911 (ne
2858 2832 3189 2890 recusetur
3218 2823 3539 2910 quidquid

605 2926 944 3008 faciemus)
987 2924 1072 2990 D.
1109 2926 1246 2990 190.
1304 2924 1488 3009 kettyl
1523 2947 1611 3010 yn
1633 2923 1790 3010 qqffo
1831 2949 1916 2990 an
1948 2925 2066 3011 bay
2103 2947 2191 3010 yn
2232 2926 2447 2988 cachev-
2488 2925 2897 3012 (simulatque
2928 2925 3189 2992 habebit
3212 2925 3537 3006 osculum,

604 3028 662 3094 is
714 3027 1118 3114 corripiatur)
1175 3025 1256 3090 D.
1311 3028 1450 3092 987.
1531 3047 1678 3111 may
1719 3026 1918 3090 baller
1956 3047 2135 3112 90008
2188 3025 2289 3110 (ιιι
2338 3027 2549 3121 possit
2592 3027 2803 3112 sciri),
2858 3048 3006 3113 may
3049 3028 3247 3092 ballev-
3298 3049 3379 3112 ry
3432 3027 3543 3112 (ιιι

605 3129 810 3214 possit
855 3128 1046 3213 dari),
1092 3151 1236 3213 ‘may
1277 3127 1472 3192 haller
1513 3150 1636 3211 aya
1679 3128 1856 3212 iuyye
1899 3125 2001 3209 (ut
2027 3127 2278 3214 possint
2309 3126 2607 3212 iudicari)
2654 3126 2733 3195 O.
2765 3129 2951 3194 2102.
2994 3127 3080 3196 D.
3112 3130 3300 3195 2076.
3335 3131 3535 3196 2252.

769 3232 1010 3296 Arem.
1057 3229 1188 3295 ind.
1219 3251 1428 3316 praes.
1475 3226 1716 3313 duplici
1757 3226 1959 3293 forma
2002 3227 2103 3314 (ut
2128 3229 2319 3295 hodie
2349 3227 2633 3315 quoque)
2676 3227 2797 3294 ER
2840 3229 2952 3315 (cf.
2998 3253 3060 3317 p.
3094 3230 3221 3296 89?
3264 3229 3389 3295 96?
3434 3231 3541 3296 in-

598 3330 935 3397 fectionem
993 3354 1123 3396 non
1163 3328 1555 3413 invenimus)
1609 3328 1673 3394 et
1727 3327 1912 3395 EUR
1954 3330 2051 3415 (=
2093 3332 2323 3399 cambr.
2374 3330 2597 3416 -awr):
2676 3331 2953 3396 Dwinon
3004 3353 3067 3394 ez
3120 3332 3360 3396 hanuer
3413 3331 3539 3416 (D.

603 3442 979 3516 nominatur,
1023 3432 1234 3517 locus)
1263 3430 1428 3499 Buh.
1465 3429 1602 3512 148,
1638 3432 1736 3494 16.
1791 3443 2067 3515 quement
2108 3453 2179 3495 en
2225 3431 2317 3496 bet
2342 3455 2490 3498 man
2533 3455 2575 3496 a
2600 3455 2797 3519 qam
2840 3432 3037 3519 (quae
3081 3431 3420 3498 multitudo
3470 3433 3541 3498 in

605 3535 725 3601 hoc
770 3534 1001 3600 mundo
1043 3533 1345 3614 nascitur,
1391 3532 1752 3619 quicunque
1793 3533 2172 3617 nascuntur)
2223 3534 2363 3616 144,
2398 3536 2455 3598 7.
2514 3535 2693 3600 lavav-
2736 3536 2843 3619 dif
2860 3583 2875 3600 .
2902 3584 2915 3600 .
2945 3587 2961 3604 .
2983 3559 3071 3600 na
3110 3557 3253 3598 mar
3294 3533 3545 3598 mirem·

600 3648 742 3720 quet
783 3657 849 3700 ez
889 3647 1088 3700 mecon
1133 3634 1268 3719 (dic
1311 3633 1464 3698 mihi
1489 3683 1502 3698 .
1529 3683 1543 3698 .
1569 3682 1585 3697 .
1611 3655 1694 3698 an
1738 3643 2026 3700 servetur
2069 3636 2238 3721 apud
2278 3636 2378 3722 te)
2421 3635 2557 3701 MJ.
2595 3638 2791 3703 194b.

771 3735 954 3804 coni.
1001 3746 1066 3802 et
1103 3736 1215 3803 fut.
1244 3733 1366 3801 ER
1407 3734 1584 3819 (hod.
1615 3756 1748 3817 -or3
1794 3735 1877 3800 cf.
1908 3747 2009 3818 -ει,
2054 3735 2201 3802 hod.
2234 3750 2341 3819 -οι,
2386 3759 2448 3824 p.
2480 3739 2637 3820 5143
2682 3739 2999 3804 interdum
3026 3737 3067 3802 Ιι
3108 3737 3539 3822 praemisso):

601 3861 738 3904 maz
779 3839 1135 3904 dise-terhim-
1163 3861 1290 3926 pep
1331 3838 1556 3902 matari
1593 3835 1697 3920 (ut
1736 3837 2091 3923 explicetur
2133 3839 2339 3905 omnis
2371 3839 2594 3924 causa)
2636 3839 2799 3906 Buh.
2836 3842 2974 3922 150,
3010 3839 3107 3904 10.
3164 3859 3305 3902 maz
3330 3839 3545 3924 qaller

599 3963 706 4006 ma
749 3940 913 4006 blam
951 3961 1060 4006 ma
1101 3939 1320 4005 tamall
1369 3938 1474 4023 (ιιι
1512 3937 1760 4023 possim
1804 3941 2122 4022 accusari,
2178 3940 2588 4030 reprehendi)
2652 3943 2788 4022 174,
2822 3943 2881 4006 9.
2947 3963 3087 4004 maz
3130 3937 3417 4023 aohtflzer
3464 3961 3545 4002 en

601 4063 754 4107 σοαπ
805 4064 954 4106 man
1007 4043 1108 4128 (ut
1149 4039 1512 4128 perficiatur
1569 4061 1733 4105 cena
1779 4039 1971 4122 haec)
2025 4041 2162 4108 MJ.
2206 4044 2290 4107 54
2304 4065 2361 4108 a.
2442 4043 2627 4107 (1εοσή
2672 4039 2792 4127 [ez]
2839 4041 3085 4106 rentlzer
3134 4059 3281 4104 mar
3322 4054 3545 4122 queret

607 4143 935 4227 (reddetur
978 4143 1181 4222 vobis,
1227 4143 1284 4208 si
1328 4139 1550 4226 vultis)
1595 4143 1721 4207 220
1733 4165 1799 4222 a;
1843 4153 2057 4208 tamen
2100 4142 2288 4208 etiam
2331 4165 2495 4208 -earz
2542 4163 2682 4208 maz
2726 4141 3056 4224 ackefheur
3084 4141 3253 4206 ·21b.

773 4243 1044 4312 Ceterae
1089 4265 1400 4329 personae
1441 4243 1546 4310 hic
1576 4264 1828 4329 quoque
1873 4243 2312 4329 significantur
2354 4246 2727 4330 pronomine
2770 4245 2966 4310 infixo
3010 4242 3115 4308 vel
3143 4241 3545 4327 praemisso:

599 4357 752 4432 qaut
802 4347 1014 4432 quenti
1065 4347 1180 4408 Ιιασ
1220 4365 1462 4427 anquen
1513 4366 1605 4407 em
1651 4344 1834 4408 beneo-
1890 4345 2139 4429 (dolore
2184 4356 2247 4412 et
2268 4371 2273 4376 ·
2292 4347 2587 4432 angustia
2628 4345 2905 4430 crucior)
2958 4343 3119 4410 Buh.
3162 4345 3264 4425 94,
3306 4344 3411 4408 22.
3502 4371 3549 4409 a

605 4447 768 4530 drgff
797 4445 960 4532 piler
1000 4467 1138 4509 nem
1175 4443 1382 4530 queler
1423 4445 1604 4529 (post
1643 4444 1837 4530 pilam
1882 4468 2013 4510 non
2058 4447 2349 4530 videbor)
2394 4448 2493 4528 545
2542 4449 2638 4514 12.
2696 4448 2945 4512 bremun
2988 4469 3053 4510 ez
3096 4465 3420 4510 consueret·
3466 4470 3551 4510 ac

605 4569 668 4608 ez
714 4547 1024 4631 baelequer
1071 4546 1270 4629 (nunc
1313 4545 1709 4610 consecraris
1755 4557 1820 4610 et
1859 4547 1939 4611 fis
1972 4547 2335 4634 presbyter)
2374 4549 2509 4630 180,
2547 4550 2641 4614 13.
2678 4549 2774 4612 14.
2842 4549 2987 4612 duet
3016 4570 3136 4633 poz
3161 4547 3352 4631 pedet·
3396 4545 3550 4630 (ve-

605 4648 737 4712 nite
796 4647 946 4734 quia
987 4644 1360 4732 rogamini),
1433 4669 1544 4710 rac
1587 4649 1778 4710 dreist
1816 4668 1934 4733 pep
1968 4671 2093 4733 pen
2136 4651 2245 4712 leoz
2285 4649 2574 4735 qoulener
2627 4647 2809 4732 (nam
2864 4671 3059 4734 supra
3111 4670 3300 4714 omne
3344 4659 3555 4734 caput

607 4747 1020 4834 flagitamini).
1059 4750 1197 4831 122,
1231 4752 1288 4816 7.
1324 4749 1383 4811 9.

1801 4934 2353 5001 Praeteritum.

775 5053 1152 5142 Suppletum
1195 5053 1420 5120 formis
1467 5053 1784 5139 participii
1829 5054 2179 5120 britannice
2224 5055 2391 5122 sicut
2434 5053 2778 5121 hibernice.

775 5155 1190 5223 Cambrica
1235 5157 1454 5240 lingua
1498 5190 1576 5200 —
1622 5157 1905 5241 exceptis
1951 5158 2173 5242 paucis
2221 5156 2529 5241 exemplis
2578 5157 3019 5222 desinentibus
3063 5156 3133 5222 in
3179 5154 3226 5222 S
3274 5156 3397 5240 (ss)
3480 5193 3557 5206 -
