3717 5642
81 192 89 343 -—-—-
81 142 84 181 -
81 58 84 133 -.„—-
82 0 89 41 -Ι

605 408 727 473 962
770 406 1225 469 (945.114o.94s)
1376 400 1485 467 VI.
1534 404 1591 465 2.
1638 416 2112 466 oonsrnnc'rto
2155 416 2442 463 rom-xci
2489 414 2880 461 memmei.

1048 590 1247 650 “Dixit
1286 588 1603 649 Patricius:

906 682 957 742 Ο
996 684 1239 761 Brigita,
1280 704 1313 742 o
1352 690 1553 743 sancta
1586 687 1793 754 mater,
1833 700 1868 738 o
1909 680 2139 741 flamma
2175 680 2304 738 auri
2343 678 2538 737 Desiis

902 779 1145 855 triginta
1184 796 1364 837 annos
1401 776 1751 849 infidelibus,
1794 775 2039 833 benedic
2080 774 2424 833 Hiberniam
2463 778 2596 848 post
2633 773 2761 829 me!

897 873 1153 933 Benedic
1190 872 1533 932 Hiberniam
1571 872 1727 930 omni
1767 870 1911 939 1000,
1953 868 2198 927 benedic
2235 866 2406 925 Ultos
2447 872 2506 932 et
2547 865 2845 937 Conactos,

897 968 1143 1027 benedic
1179 968 1465 1045 Lagenios
1505 966 1661 1025 omni
1698 972 1982 1041 tempore,
2025 970 2085 1022 et
2123 980 2351 1039 semper
2391 960 2633 1019 benedic
2671 959 2822 1018 viros
2865 955 3253 1015 Momoniae!”

768 1079 1069 1147 Ceterum
1116 1080 1239 1145 etsi
1282 1079 1484 1144 rarior
1528 1088 1659 1157 est,
1718 1076 2042 1141 invenitur
2083 1084 2294 1139 tamen
2337 1073 2524 1139 etiam
2567 1070 2832 1137 metrica
2872 1066 3260 1134 constructio
3303 1064 3480 1129 finalis

599 1184 1049 1249 consonantiae
1112 1203 1369 1267 expers,
1430 1180 1545 1246 sed
1598 1177 2046 1243 allitteratione
2097 1174 2302 1260 magis
2347 1182 2596 1252 ornata,
2652 1182 2721 1235 ut
2770 1172 2840 1235 in
2893 1170 3079 1236 initio
3139 1166 3482 1235 narrationis

598 1285 677 1349 de
719 1285 867 1349 fatis
898 1282 1411 1351 Uenechidarum
1454 1280 1828 1366 posterioris
1873 1280 1940 1343 in
1981 1277 2084 1343 his
2129 1275 2446 1343 Cathbadi
2497 1274 2782 1339 Druidae
2825 1272 3102 1337 oraculis
3145 1270 3334 1355 (quae
3372 1270 3484 1332 sine

594 1410 891 1453 versuum
933 1384 1340 1453 distinctione
1387 1382 1679 1466 leguntur
1720 1380 1789 1445 in
1834 1379 2128 1460 editione,
2173 1400 2235 1463 p.
2291 1376 2461 1460 148):

1146 1504 1257 1563 Fot
1296 1502 1433 1560 ‹tr-iol
1464 1502 1473 1578 Ι
1508 1502 1691 1558 bruun
1724 1501 1735 1577 Ι
1770 1501 2020 1558 ὁεσαειαν
2051 1498 2062 1574 Ι
2098 1498 2187 1554 bec

976 1599 1169 1675 flim’ltt
1202 1599 1211 1674 Ι
1245 1598 1438 1655 buidt'u
1470 1595 1481 1671 Ι
1516 1595 1815 1653 buidichais
1859 1602 1884 1669 ΙΙ
1923 1594 1932 1669 Ι
1965 1592 2148 1669 seqaib
2183 1591 2194 1667 Ι
2225 1591 2422 1649 miliub
2457 1591 2468 1665 Ι
2500 1590 2639 1647 seall
2671 1588 2962 1663 ,qluasaihh

992 1698 1121 1751 sian
1160 1692 1453 1768 alyruaidk
1486 1692 1497 1769 Ι
1528 1706 1888 1766 qormcorcra
1929 1685 1955 1754 ΙΙ
1985 1689 2082 1760 fri
2119 1685 2250 1743 deth
2283 1686 2293 1762 Ι
2325 1685 2544 1743 mechta
2576 1684 2586 1759 Ι
2620 1683 2924 1739 εωηὶαὲπιει·

991 1788 1089 1847 sed
1124 1807 1163 1845 a
1196 1788 1205 1863 Ι
1240 1786 1459 1861 deidyin
1492 1786 1501 1863 Ι
1538 1786 1746 1843 dianim
1788 1784 1813 1853 ΙΙ
1855 1781 2078 1838 niamdo
2119 1799 2158 1836 a
2189 1780 2200 1855 Ι
2234 1778 2372 1836 beoil
2402 1778 2826 1853 partuinydcrq.

996 1888 1003 1957 Ι
1049 1882 1111 1939 be
1150 1880 1420 1948 diamlbed
1456 1878 1686 1945 ilairtlbe
1729 1888 1752 1955 ΙΙ
1796 1880 1896 1933 etir
1937 1872 1946 1941 Ι
1999 1874 2240 1931 Πῑῑιαᾰὸὴ
2287 1874 2293 1939 Ι
2338 1874 2630 1931 maduibh

989 1978 1151 2051 yeisis
1181 1974 1393 2049 sotibru
1426 1974 1435 2049 Ι
1470 1972 1748 2030 buirethar
1792 1975 1817 2046 ΙΙ
1865 1965 1874 2033 Ι
1919 1970 2009 2027 bec
2043 1970 2052 2044 Ι
2073 1967 2246 2045 shinn
2281 1966 2290 2040 Ι
2312 1966 2470 2042 fhoto
2497 1964 2815 2041 soldephar.

991 2074 1126 2128 ὑπαί
1158 2069 1167 2144 Ι
1203 2068 1417 2127 curudh
1448 2068 1459 2144 Ι
1494 2070 1727 2125 coisneat
1772 2076 1795 2141 ΙΙ
1842 2062 1851 2133 Ι
1895 2066 2032 2121 imat
2063 2063 2072 2139 Ι
2107 2062 2358 2137 αἰνᾱήᾳή
2393 2064 2401 2137 Ι
2435 2065 2772 2137 iarsaiqseat.

992 2164 1183 2221 bhiaid
1217 2168 1402 2219 iartur
1436 2162 1445 2237 Ι
1482 2158 1911 2229 trumltorthaibh
1956 2162 1984 2231 ΙΙ
2017 2158 2162 2231 socli
2194 2156 2202 2232 Ι
2239 2156 2511 2213 choiccidlz
2544 2156 2553 2231 Ι
2591 2154 3026 2213 C'konchubhair.

996 2264 1005 2331 Ι
1051 2258 1163 2315 hiat
1202 2256 1393 2327 albeoil
1422 2256 1832 2331 partuinqderq
1880 2252 1905 2324 ΙΙ
1948 2257 2022 2309 im
2061 2272 2098 2309 a
2139 2254 2287 2309 detai
2323 2260 2574 2309 nernunto

999 2351 1007 2419 Ι
1035 2356 1153 2427 fris
1194 2350 1589 2423 mulj'ormdiyh
1630 2349 1881 2421 airdriqo
1923 2348 1950 2415 ΙΙ
1995 2344 2005 2411 Ι
2034 2350 2165 2422 fria
2203 2346 2356 2407 cridla
2395 2344 2664 2420 nfdiqrais
2699 2342 2966 2399 n'diainm

762 2464 1043 2529 Primum
1088 2462 1432 2527 membrum
1487 2482 1602 2543 per
1656 2482 1726 2523 se
1785 2460 1996 2544 ipsum
2049 2480 2428 2544 responsum
2483 2455 2768 2521 Druidae
2839 2452 3154 2532 continet,
3215 2474 3369 2538 quae
3411 2472 3496 2513 se-

596 2580 823 2632 cuntur
866 2564 1358 2650 descriptionem
1405 2563 1565 2642 eius,
1617 2562 1696 2626 de
1730 2583 1855 2646 quo
1901 2583 2280 2647 responsum
2325 2568 2439 2625 est.
2511 2556 2918 2623 Praecedunt
2945 2553 3182 2620 ibidem
3215 2552 3500 2639 quaedam

596 2669 815 2733 eodem
872 2666 1059 2732 modo
1118 2665 1364 2751 prolata
1417 2687 1456 2727 a
1500 2661 1833 2729 Cathbado
1893 2674 1956 2728 et
2005 2662 2058 2727 F
2063 2661 2391 2741 adlimido,
2449 2670 2596 2727 ante
2650 2658 2810 2725 haec
2858 2668 3074 2723 tamen
3131 2654 3316 2720 etiam
3369 2673 3496 2715 cum

606 2768 1027 2835 consonantia
1067 2766 1265 2847 finali,
1311 2787 1475 2850 quae
1520 2763 1916 2829 Fedlimidus
1957 2763 2325 2848 interrogat.

1002 2884 1108 2944 Cia
1142 2884 1151 2961 Ι
1185 2885 1345 2943 deilm
1380 2886 1389 2961 Ι
1426 2885 1649 2941 dromon
1684 2884 1692 2957 Ι
1728 2880 2104 2941 derdrethar?

996 2980 1275 3035 [hemmae
1302 2981 1395 3051 fot
1428 2980 1437 3053 Ι
1473 2978 1677 3035 bruinn
1710 2976 1719 3053 Ι
1756 2974 2048 3033 buirethar
2110 2980 2116 3045 Ι
2163 2986 2170 3049 Ι
2221 2973 2424 3031 Iri-uidit
2457 2974 2468 3049 Ι
2503 2972 2781 3031 cluasaibh
2817 2972 2826 3043 Ι
2862 2970 3196 3031 duinethar.

1000 3072 1179 3130 Glooe'm
1218 3074 1287 3128 do
1328 3072 1557 3145 datkuip
1592 3071 1601 3145 Ι
1634 3080 1751 3127 tren
1787 3069 1795 3143 Ι
1828 3072 2098 3125 tarmairt.

994 3167 1126 3223 Mor
1162 3166 1333 3223 mmm
1370 3174 1465 3223 ata
1502 3184 1581 3221 na
1619 3162 1846 3237 at’qthar
1891 3171 1914 3241 ΙΙ
1955 3182 2044 3220 mo
2076 3162 2087 3238 Ι
2121 3164 2320 3219 cruadi
2351 3164 2362 3238 Ι
2395 3182 2494 3219 cru
2527 3164 2538 3239 Ι
2571 3160 3023 3235 crcchtnaiqthar.

1164 3596 1255 3672 ΙΙ.
1348 3596 1950 3675 Constructio
2005 3596 2372 3696 poetica
2413 3594 2942 3669 britannica.

760 3799 1031 3865 Vetusta
1073 3800 1353 3865 carmina
1395 3798 1613 3865 camb
1632 3799 1799 3863 rica
1842 3779 2126 3863 eiusdem
2169 3796 2300 3861 fere
2347 3805 2497 3860 sunt
2541 3804 2909 3877 structurae,
2957 3794 3138 3861 cuius
3189 3797 3500 3863 hibernica

598 3910 864 3967 vetusta.
964 3900 1359 3987 Syllabarum
1423 3900 1579 3965 certi
1644 3900 1888 3965 numeri
1951 3907 2015 3964 et
2077 3897 2532 3963 consonantiae
2598 3896 3059 3983 qualiscunque
3124 3900 3290 3967 idem
3355 3920 3499 3963 usus

594 4003 888 4089 idemque
941 4002 1067 4067 loci
1113 4012 1277 4067 sunt.
1366 4000 1513 4066 Hoc
1567 4009 1815 4065 tantum
1858 3999 2183 4077 differunt,
2232 3998 2401 4084 quod
2444 3998 2861 4062 consonantia
2901 4000 3133 4079 finalis,
3180 4023 3338 4086 quae
3377 4002 3500 4065 fere

594 4103 1031 4189 monosyllaba
1075 4124 1149 4167 ac
1207 4124 1456 4187 semper
1509 4103 1698 4188 plena
1744 4113 1874 4182 est,
1933 4124 2048 4186 per
2091 4100 2306 4186 plures
2350 4120 2574 4165 versus
2619 4099 3020 4167 continuatur
3061 4104 3146 4167 ad
3191 4103 3500 4168 arbitrium

592 4214 839 4291 poetae,
892 4215 960 4267 ut
1001 4205 1088 4269 sit
1131 4204 1353 4269 eadem
1401 4204 1657 4289 saepius
1698 4211 1827 4267 tam
1873 4202 2305 4287 contraposita
2335 4222 2521 4287 quam
2567 4199 2945 4283 copulativa.
3017 4200 3232 4269 Etiam
3274 4204 3338 4267 in
3379 4202 3500 4267 sin-

592 4304 758 4391 gulis
804 4304 1147 4369 carminum
1190 4303 1472 4389 partibus
1517 4304 1719 4369 maior
1764 4312 1864 4369 est
1905 4302 2168 4368 licentia
2208 4324 2506 4367 versuum
2551 4302 3150 4386 continuandorum,
3209 4314 3315 4369 aut
3353 4326 3502 4389 pau·

598 4428 819 4471 corum
874 4416 983 4469 aut
1033 4405 1305 4491 plurium
1360 4404 1848 4491 iungendorum,
1907 4426 2028 4469 nec
2081 4412 2150 4467 ut
2201 4404 2264 4466 in
2323 4400 2668 4466 hibernicis
2736 4404 3123 4471 carminibus
3191 4404 3504 4493 praevalet

593 4608 647 4659 Β.
686 4608 899 4675 Brigida
932 4608 986 4661 in
1021 4607 1314 4675 regionibus
1352 4606 1771 4659 Momoniensium
1806 4606 1928 4658 fecit
1961 4611 2014 4659 et
2049 4606 2200 4673 plura
2233 4606 2344 4657 loca
2379 4608 2432 4657 et
2465 4606 2779 4659 monasteria
2811 4607 2884 4658 ibi
2917 4607 3159 4675 sig-navit.
3229 4608 3352 4661 Post
3385 4606 3500 4659 hut

588 4677 687 4729 iter
729 4676 954 4743 arripuit
1000 4676 1169 4728 venire
1214 4674 1277 4727 ad
1334 4676 1595 4727 civitatem
1641 4690 1787 4729 suam
1831 4676 1888 4726 in
1933 4680 2120 4727 terram
2169 4673 2595 4740 Lageniensium!
2665 4672 2740 4725 De
2787 4674 2882 4727 hac
2931 4678 3140 4744 propria
3183 4676 3236 4730 S.
3285 4676 3504 4741 Brigim

590 4746 711 4797 sede
744 4746 877 4797 idem
917 4748 987 4812 (p.
1027 4748 1167 4807 160):
1214 4743 1285 4794 ‘in
1322 4745 1489 4811 patria
1523 4759 1619 4795 sua
1656 4760 1896 4811 magnum
1935 4744 2300 4795 monasterium
2338 4742 2676 4809 plurimarum
2710 4744 3004 4796 construxit
3029 4746 3078 4797 vi
3144 4748 3300 4809 ‘num,
3333 4746 3502 4807 ibique

592 4814 813 4865 maxima
858 4820 1036 4881 postea
1069 4813 1251 4864 ciritae
1296 4812 1351 4863 in
1390 4813 1630 4863 honorem
1668 4812 1725 4864 B.
1766 4812 2001 4875 Brigidae
2047 4813 2232 4871 crevit,
2281 4826 2414 4878 quae
2459 4814 2540 4863 est
2575 4811 2728 4863 hodie
2761 4814 3056 4881 metropolis
3083 4762 3498 4883 'Egeniensium

594 4881 685 4935 lna
718 4884 817 4934 iam
856 4884 981 4934 cella
1016 4883 1203 4933 scotice
1236 4882 1426 4933 dicitur
1468 4878 1747 4942 Ke'lltlara‚
1798 4882 1958 4933 latine
1995 4896 2112 4932 vero
2146 4884 2296 4931 sonat
2336 4878 2479 4931 Cella
2515 4894 2748 4948 quereus-
2819 4882 3050 4944 Quercus
3085 4884 3220 4935 einim
3255 4884 3500 4935 altissim

592 4952 661 5003 ibi
711 4956 845 5013 erat,
884 4968 1034 5017 quam
1091 4951 1311 5002 multum
1348 4950 1554 5001 amabat
1591 4950 1642 5001 S.
1682 4949 1922 5015 Brigida.'
1992 4948 2245 5009 das-melec,
2295 4946 2548 5011 damnaei,
2586 4948 2860 4999 dar-m-c‘si
2893 4956 2968 5018 (p.
3007 4956 3148 5016 657).
3217 4952 3302 5012 dni,
3337 4952 3498 5001 locris:

592 5018 793 5069 isindein
832 5020 939 5069 ima
974 5036 1081 5069 nom
1116 5019 1201 5084 (gl.
1239 5035 1355 5070 cum
1395 5018 1628 5070 Christus
1664 5019 1966 5085 apparuerit
2003 5022 2124 5069 tune
2161 5022 2212 5069 et
2251 5032 2336 5069 vos
2371 5017 2690 5084 apparebitis
2725 5034 2840 5069 cum
2877 5021 2994 5081 ii}o;
3035 5022 3069 5073 i.
3105 5036 3149 5075 e.
3187 5022 3240 5073 in
3277 5022 3384 5073 loro
3419 5020 3500 5069 nbi

589 5092 669 5137 est
704 5088 830 5153 ipse)
866 5088 983 5139 Wb.
1019 5090 1127 5137 27³.
1186 5094 1299 5149 tan,
1350 5092 1576 5153 tempus,
1614 5087 1666 5138 in
1708 5088 1963 5154 frequenti
2001 5087 2253 5153 particula
2287 5087 2460 5145 mean,
2509 5086 2674 5137 imain
2707 5090 2956 5155 (tempore
3005 5104 3140 5156 quo,
3185 5092 3334 5153 cum).
3403 5086 3502 5139 beth

590 5154 828 5217 haenoch,
868 5154 1213 5219 bimbennaclc,
1247 5171 1448 5223 semper
1484 5156 1695 5207 benedic
1732 5158 1801 5222 (p.
1840 5162 1982 5216 865).
2045 5172 2253 5205 mmm
2288 5169 2321 5206 a
2353 5170 2489 5207 nom.
2526 5170 2700 5207 mama
2737 5158 2805 5223 (p.
2845 5162 2985 5223 264).
