3717 5642
589 416 754 480 1044
802 417 976 479 (106⁵.
1003 418 1156 479 1066)
1218 432 1583 481 APPnnmx.
1671 432 2005 481 srnomnn
2050 432 2316 481 oomcts
2359 434 2709 483 HIBERNIGI
2747 434 2864 481 un.

597 603 978 687 subrogatus
1027 603 1188 683 est‚²
1242 624 1318 667 eo
1364 602 1570 688 quod⁸
1629 626 1746 690 per
1789 625 1973 669 omne
2016 610 2302 688 tempus,
2364 602 2431 667 in
2478 625 2603 689 quo
2660 626 2701 668 a
2740 604 3046 691 pontifice
3090 602 3375 669 eruditus
3422 614 3509 669 est

588 701 656 766 in
699 702 842 788 lege
888 703 1009 785 dei,
1055 704 1394 770 meditatus
1441 715 1579 770 est·
1627 705 1925 771 noctibus
1970 726 2046 768 ac
2090 704 2334 769 diebus.
2424 703 2552 769 Sed
2592 728 2725 771 non
2754 706 3056 773 audiendi
3086 715 3239 771 sunt
3278 704 3364 785 hi,
3408 707 3509 791 qui

590 803 670 867 ad
717 803 1172 871 excludendam
1214 806 1598 890 psalmorum
1643 828 1857 873 veram
1902 806 2361 891 expositionem
2408 806 2605 873 falsas
2649 808 3100 873 similitudines
3141 807 3223 872 ab
3254 806 3509 871 historia

583 904 818 989 petitas
863 916 1170 971 conantur
1212 907 1532 973 inducere.
1605 906 1942 989 Quomodo
1988 908 2157 973 enim
2198 907 2453 973 beatum
2482 907 2674 975 istum
2702 909 3117 995 pronuntiare
3156 910 3497 995 potuisset⁴

587 1015 651 1071 et
693 1009 772 1071 ab
817 1008 990 1072 omni
1036 1010 1283 1072 errore⁵
1339 1030 1552 1075 amore
1594 1007 1884 1073 virtutis⁶
1935 1008 2229 1089 alienum,
2277 1010 2379 1075 cui
2420 1010 2491 1075 in
2518 1032 2739 1096 regum
2780 1011 2961 1077 libris
2980 1012 3007 1049 ¹²
3050 1011 3298 1075 nullum
3338 1012 3507 1077 testi·

582 1108 864 1173 monium
909 1109 986 1173 de
1030 1108 1418 1193 perfectione
1447 1108 1856 1195 perhibetur?
1875 1120 1898 1147 ⁰
1948 1107 2025 1175 In
2057 1110 2289 1194 quibus
2333 1111 2423 1175 ita
2466 1112 2721 1178 dicitur:
2766 1110 2857 1177 Et
2896 1112 3051 1177 fecit
3078 1112 3231 1178 Ioas
3272 1123 3505 1179 rectum

585 1217 730 1273 ante
777 1208 1102 1274 dominum
1145 1210 1437 1277 omnibus
1482 1211 1737 1293 diebus,
1795 1212 2027 1298 quibus
2070 1210 2488 1279 inluminabat
2540 1236 2687 1279 eum
2728 1212 2953 1280 Ioiada
2992 1214 3301 1301 pontifex.
3390 1214 3507 1281 Ve-

581 1321 919 1377 runtamen
965 1314 1044 1378 ab
1090 1311 1399 1377 excelsis⁷
1463 1334 1594 1377 non
1635 1312 1934 1393 recessit,
2001 1312 2210 1377 adhuc
2259 1312 2535 1399 populus
2594 1314 2995 1382 sacrificabat
3042 1316 3115 1381 in
3170 1318 3496 1383 excelsis.s

581 1410 875 1478 Dicendo
906 1414 1143 1499 itaque,
1187 1414 1481 1479 omnibus
1527 1414 1750 1479 diebus
1797 1413 2029 1499 quibus
2074 1413 2479 1481 inluminavit
2520 1438 2663 1483 eum
2692 1415 2911 1482 loiada
2950 1418 3253 1504 princeps
3300 1439 3503 1485 sacer·

589 1514 802 1579 dotum
844 1513 998 1579 feeit
1041 1524 1283 1579 rectum
1328 1524 1476 1581 ante
1519 1513 1856 1597 dominum,
1901 1516 2164 1597 indicat,
2212 1517 2381 1603 quod
2423 1518 2691 1604 reliquis
2735 1518 2963 1585 diebus
3006 1532 3307 1587 cessante
3350 1519 3507 1586 Ioia·

583 1615 744 1682 dae‘¹
793 1616 1160 1701 magisterio
1203 1615 1430 1682 fecerit
1469 1616 1538 1681 id
1582 1616 1753 1701 quod
1793 1617 2015 1702 primis
2061 1617 2603 1685 institutionibus⁹
2654 1622 2911 1686 minime
2940 1623 3334 1687 conveniret.
3390 1620 3507 1687 Re-

581 1718 778 1784 fertur
824 1717 1010 1782 etiam
1053 1718 1122 1782 in
1165 1718 1396 1783 iisdem
1435 1740 1660 1803 regum
1701 1717 1903 1799 libris,
1950 1719 2120 1805 quod
2160 1718 2513 1786 Azahelem
2554 1744 2772 1808 regem
2802 1724 3029 1809 Syriae
3071 1726 3153 1789 ab
3182 1723 3507 1810 impugna-

581 1820 792 1885 tione²
810 1823 836 1861 ⁰
887 1818 1297 1885 Hierusalem
1324 1820 1472 1887 Ioas
1515 1841 1844 1885 munerum
1888 1820 2285 1887 oblatione²¹
2340 1823 2746 1890 submoverit.
2832 1822 3019 1905 Quae
3062 1825 3319 1911 quidem
3352 1825 3513 1891 dona

587 1922 668 1987 de
709 1921 946 2007 templo
993 1921 1245 1988 sublata
1287 1922 1488 2002 misit,
1541 1942 1706 2005 quae
1750 1920 1927 2005 prius
1969 1924 2191 2008 utique
2234 1922 2353 1987 deo
2398 1933 2527 1989 tam
2572 1926 2714 2011 ipse
2758 1948 2947 2012 quam
2989 1948 3175 2013 reges
3220 1926 3401 2007 Iuda,
3444 1928 3508 1992 id

583 2034 698 2104 est,
747 2023 1021 2087 maiores
1067 2023 1225 2105 eius,
1271 2022 1730 2104 obtulerant,¹⁹
1781 2021 1984 2106 quod1
2004 2024 2028 2063 ³
2081 2026 2367 2087 actum¹⁴
2416 2026 2694 2092 indicam
2734 2026 2837 2093 his
2880 2028 3195 2093 verbis.²⁵
3262 2027 3509 2093 Bonum

589 2135 690 2190 est
733 2125 902 2189 enim
944 2146 1064 2191 nos
1107 2125 1188 2189 ad
1235 2126 1624 2210 agnitionem
1665 2121 1761 2187 rei
1802 2132 2025 2206 gestae
2068 2123 2430 2192 testimonio
2476 2127 2771 2193 lectionis
2816 2128 3153 2194 accedere:
3200 2128 3289 2193 Et
3332 2152 3511 2195 acee-

584 2227 682 2311 pit
723 2225 874 2292 Ioas
894 2237 917 2264 ⁶
967 2224 1182 2291 omnia
1234 2236 1484 2305 sancta,
1503 2224 1522 2262 f
1578 2244 1743 2309 quae
1787 2222 2255 2289 sanctificavitss
2302 2226 2607 2314 Iosaphat
2664 2240 2731 2295 et
2781 2228 2993 2295 Ioram
3046 2239 3112 2295 et
3170 2228 3507 2311 ochozias,

582 2336 798 2413 patres
845 2328 1024 2394 eius¹¹
1085 2350 1272 2413 reges
1315 2327 1509 2405 Iuda,
1569 2335 1633 2389 et
1675 2324 1929 2390 sancta¹
1989 2347 2107 2390 sua
2157 2336 2223 2392 et
2266 2352 2453 2397 omne
2497 2353 2746 2413 aurum,
2804 2331 2975 2418 quod
3031 2331 3363 2396 inventum
3414 2344 3513 2399 est

578 2430 647 2494 in
707 2429 1022 2495 thesauris
1080 2430 1302 2494 domus
1346 2426 1585 2494 domini
1641 2437 1706 2491 et
1757 2426 1826 2489 in
1872 2426 2057 2491 domo
2099 2429 2300 2513 regis,
2368 2442 2433 2497 et
2490 2433 2665 2499 misit
2705 2432 3025 2499 Azahelik
3082 2432 3222 2519 regi
3262 2431 3505 2520 Syriae.

577 2530 752 2597 Huic
794 2530 1016 2616 igitur¹
1099 2530 1208 2615 qui
1253 2530 1558 2617 templum
1601 2528 1708 2593 dei
1751 2527 2082 2613 spoliavit¹
2140 2539 2207 2595 et
2247 2532 2458 2596 omnia
2498 2533 2671 2599 intus
2717 2534 2933 2619 posita
2974 2534 3145 2601 dona
3190 2536 3501 2600 conrasit*¹

579 2655 658 2698 ac
699 2634 876 2698 misit
929 2654 1008 2697 ea
1061 2632 1196 2695 viro
1253 2632 1655 2717 alienigenae
1709 2629 1905 2715 impio
1959 2638 2151 2713 atque
2207 2632 2519 2718 sacrilego
2538 2636 2595 2715 ,³
2646 2657 2832 2721 quem
2887 2635 3203 2721 propheta
3256 2636 3499 2702 David⁴

577 2734 1010 2801 beatidudinis
1041 2733 1318 2819 apicem-'³
1374 2728 1794 2798 contulisset?
1866 2728 2078 2794 Talis⁶
2132 2753 2281 2814 ergo
2312 2733 2619 2801 historiae
2648 2736 2976 2821 usurpatio
3004 2736 3499 2804 inconveniens⁷

580 2836 1038 2922 adprobatur,⁸
1089 2844 1152 2899 et
1196 2835 1363 2919 quod
1407 2832 1731 2921 praesenti
1774 2832 2023 2917 psalmo
2090 2856 2222 2898 non
2265 2835 2474 2919 possit
2516 2838 2753 2923 aptari,
2815 2838 2887 2903 in
2929 2861 3053 2925 quo
3110 2840 3338 2905 beatus
3379 2838 3509 2903 Da-

575 2935 747 3000 vidi⁹
798 2936 1245 3022 pronuntiatur
1287 2936 1386 3000 vir
1426 2935 1738 3001 virtutism
1788 2934 1869 3000 de
1928 2956 2052 3019 quo
2111 2956 2315 3000 sermo
2362 2947 2493 3018 est,
2550 2948 2739 3024 atque
2784 2940 3021 3020 omnis,
3042 2950 3072 2979 ¹²
3118 2941 3509 3026 perfectione

579 3036 988 3123 conspicuus.
1061 3036 1140 3101 In
1182 3038 1312 3101 fine
1357 3038 1526 3101 enim
1565 3034 1798 3119 psalmi
1843 3036 2099 3100 dicitur:
2145 3034 2299 3101 Ideo
2343 3060 2475 3104 non
2516 3050 2895 3125 resurgunt⁰
2952 3041 3133 3129 impii
3173 3042 3248 3105 in
3274 3040 3509 3105 iudicio

577 3160 786 3223 neque
833 3147 1234 3223 peccatores,
1289 3160 1494 3223 usque
1539 3138 1786 3223 peribit.
1874 3135 2021 3202 Hoc
2079 3137 2313 3203 dictum
2368 3138 2467 3204 his
2487 3150 2515 3189 Ρ
2564 3142 2893 3223 convenit,
2958 3142 3069 3227 qui
3120 3154 3393 3228 possunt
3446 3156 3511 3206 et

577 3261 824 3304 morum
867 3239 1257 3325 perfectione
1311 3250 1375 3305 et
1427 3260 1543 3325 pro
1600 3239 1767 3305 bono
1826 3238 2330 3305 conversationis
2386 3262 2541 3306 suae
2600 3243 2769 3327 apud
2813 3242 3003 3307 deum
3060 3242 3509 3309 confidentiam

579 3338 812 3405 habere
855 3363 986 3406 non
1027 3341 1450 3408 minimam.²⁰
1534 3338 1684 3405 Ioas
1725 3361 1881 3405 vero
1920 3362 2035 3404 rex
2090 3362 2221 3404 non
2262 3341 2411 3407 talis
2466 3342 2823 3409 ostenditur
2864 3342 3173 3409 historiae
3218 3344 3507 3424 lectione,

582 3450 648 3504 ut
691 3441 921 3528 dignus
953 3443 1378 3509 beatitudine¹
1400 3446 1420 3483 ¹
1475 3443 1938 3527 comprobetur.
2012 3440 2137 3507 Est
2180 3444 2361 3528 ergo¹
2382 3445 2407 3485 ⁹
2459 3444 2715 3510 moralis
2747 3444 3055 3531 psalmus,
3106 3444 3280 3531 quod
3321 3468 3397 3510 ex
3424 3445 3509 3509 iis

581 3564 744 3628 quae
792 3553 1145 3629 sequuntur
1189 3545 1470 3631 adparet,
1515 3544 1584 3608 in
1633 3542 1866 3629 quibus
1914 3552 1977 3607 et
2020 3543 2100 3607 de
2132 3543 2428 3609 virtutum
2473 3544 2763 3632 adpetitu
2802 3559 2869 3611 et
2910 3546 2990 3611 de
3034 3568 3325 3611 errorum
3364 3548 3511 3610 abs-

576 3645 845 3710 tinentia
888 3646 1281 3733 dispntatur,
1327 3644 1498 3732 quod
1539 3646 1607 3710 in
1646 3644 1796 3711 Ioas
1826 3646 2085 3731 proprie
2127 3667 2257 3710 non
2300 3658 2515 3732 potest
2540 3649 2903 3715 convenire.
2992 3648 3313 3714 Parvulas
3342 3648 3509 3712 enim

576 3769 691 3831 per
733 3747 890 3812 illud
932 3758 1216 3835 tempus,
1263 3749 1331 3813 in
1374 3771 1498 3836 quo
1518 3758 1546 3796 ‘1
1592 3745 1817 3814 Ioiada
1859 3746 2161 3835 pontifice
2203 3747 2478 3815 nutritus
2525 3758 2653 3831 est,
2710 3748 2833 3837 ned
2846 3762 2958 3815 uer
3014 3751 3299 3817 aversari
3342 3750 3509 3814 mala

739 3968 1000 4027 Varistae
1043 3969 1286 4026 lectionis
1339 3968 1762 4026 Vallarsianae:
1838 3984 1875 4023 a
1912 3966 1974 4022 in
2003 3984 2073 4023 ea
2100 3966 2410 4025 meditatus
2450 3967 2527 4025 sit
2606 3969 2641 4024 b
2682 3968 2772 4026 cui
2801 3968 3079 4045 (Regum)
3110 3966 3241 4026 libri
3320 3988 3351 4025 c
3372 3988 3505 4044 per-

577 4044 779 4104 hibent
855 4046 894 4103 d
933 4046 1147 4105 Ioiadis
1225 4060 1258 4101 e
1310 4048 1444 4103 add.
1485 4064 1591 4103 rex
1629 4044 1774 4101 Iuda
1849 4044 1877 4100 f
1922 4044 2275 4102 sanctificata
2364 4064 2401 4121 g
2438 4044 2783 4104 sacrificavit
2868 4046 2909 4103 h
2948 4053 3009 4104 et
3096 4046 3119 4103 i
3158 4046 3511 4104 sanctificata

574 4122 616 4179 k
657 4122 876 4181 Azahel
967 4123 988 4180 l
1068 4141 1204 4199 ergo
1300 4142 1356 4180 m
1399 4125 1538 4180 deest
1625 4142 1664 4179 n
1713 4122 1841 4179 add.
1890 4122 2119 4180 virtutis
2208 4141 2241 4178 o
2280 4130 2588 4199 resurgent
2670 4142 2711 4200 p
2752 4140 2825 4181 ex
2864 4122 2955 4181 his
2996 4142 3149 4199 quae
3188 4132 3508 4200 sequuntur

576 4218 616 4275 q
656 4202 790 4259 add.
832 4218 869 4259 a
946 4220 976 4259 r
1013 4218 1313 4277 nunquam

711 4435 742 4483 2
779 4431 828 4482 ,ιζ
863 4429 927 4483 νό
965 4429 1182 4483 oirdned
1247 4433 1278 4481 3
1315 4430 1364 4485 ,22
1391 4428 1546 4482 isairi
1576 4429 1686 4481 inso
1721 4427 2063 4498 roqahadsom
2096 4424 2260 4495 hiriqe
2294 4429 2347 4485 ,ιζ
2380 4445 2439 4482 eo
2456 4448 2505 4500 q.
2527 4431 2595 4483 rl.
2652 4430 2820 4483 Aliter
2852 4429 3011 4483 ἰωὰ-ι’
3046 4431 3159 4483 imo
3194 4428 3321 4483 roba
3352 4432 3497 4481 imm»

574 4498 774 4552 aireide
809 4500 1035 4552 lialailiu
1057 4500 1303 4551 {malma
1327 4496 1694 4551 domasiebiud
1715 4496 1889 4549 dosom
1910 4512 1965 4549 eo
1988 4517 2038 4566 q.
2060 4497 2125 4549 rl.

709 4573 743 4619 4
779 4568 832 4623 ,22
866 4568 1040 4621 αἰκία
1072 4566 1436 4620 salmscribdid
1469 4566 1727 4634 concie-sed
1755 4566 1851 4618 εόη
1933 4570 1961 4617 5
2002 4564 2054 4619 .i.
2090 4564 2305 4617 combad
2336 4564 2549 4617 eclatran
2580 4582 2688 4619 som
2720 4566 2783 4621 ho
2820 4566 3185 4620 ciconas-orca&
3262 4571 3291 4619 6
3328 4566 3379 4621 ,ι’-
3418 4583 3501 4617 eo—

573 4636 744 4689 carad
775 4636 897 4689 ckai
993 4638 1098 4689 imu
1133 4634 1383 4688 dudetmm
1469 4640 1498 4687 7
1537 4634 1588 4689 ,ιζ
1624 4634 1808 4687 Ιιοπαίὂ
1846 4632 2008 4686 idlaib
2044 4634 2095 4689 ,εἰ
2129 4633 2289 4685 lauare
2322 4633 2633 4687 iskitilemib
2668 4634 2854 4689 ardaib
2888 4636 3077 4689 nobilis
3114 4634 3206 4688 ada·
3276 4641 3305 4688 8
3340 4636 3393 4687 ,ιζ
3434 4637 3501 4685 is-

570 4704 694 4758 naib
729 4705 918 4759 telcha‘
1015 4711 1046 4759 9
1083 4705 1135 4760 ,ιζ
1172 4704 1358 4759 donaib
1393 4702 1590 4757 cdtnaib
1611 4702 1890 4772 fore-itlaib
1966 4709 2028 4755 10
2066 4704 2117 4757 .ι”.
2154 4702 2381 4771 o'ntoyail
2452 4711 2507 4755 ιι
2550 4705 2601 4758 .i.
2629 4703 3015 4773 o'moefocltrm‘c
3088 4712 3149 4758 12
3174 4705 3225 4759 ,⁸2
3249 4703 3499 4755 adrosa:-

573 4781 650 4827 ταί
723 4778 784 4827 13
822 4776 874 4829 .i.
911 4774 1082 4827 anvlsin
1151 4780 1216 4827 14
1249 4774 1302 4827 ,ιζ
1336 4772 1578 4841 ronynith
1649 4776 1711 4826 15
1752 4772 1800 4825 λ.
1838 4770 2071 4825 acher-am

710 4846 842 4908 (14¹³)
919 4852 934 4894 1
977 4842 1447 4909 doclwimmarraiq
1515 4848 1544 4893 2
1583 4842 1634 4895 ,ιζ
1669 4840 1918 4893 roscaird
1947 4842 1999 4894 ,ιζ
2036 4841 2315 4893 rolommar
2394 4844 2426 4893 3
2461 4841 2512 4894 ,ιζ
2548 4840 2607 4893 m’
2640 4840 2827 4910 diffiteri
2858 4840 2947 4895 dd.
2983 4838 3343 4893 {smmislesm'd
3372 4841 3499 4891 insa

555 4909 822 5033 Zdbm‘de
857 4911 1099 4976 adfiadar
1131 4912 1416 4965 ahintsalmo
1453 4909 1824 4963 dothaahilbiud
1853 4909 2091 4977 doncffiur
2124 4908 2362 4962 adrodar
2395 4910 2507 4961 idlu
2580 4915 2617 4963 4
2654 4910 2705 4964 ,12
2740 4911 3141 4964 'sicdomestimin
3206 4914 3235 4963 5
3270 4910 3495 4961 ὑιηυαὲ·

707 5054 739 5101 6
777 5050 826 5102 ,22
863 5048 1167 5101 iar-testinula
1235 5053 1264 5099 7
1305 5048 1356 5101 .i.
1392 5046 1899 5113 Mneinmmaiae-eide
1933 5046 2245 5115 amffiadar
2280 5048 2587 5101 t'sintsalmso
2610 5046 2815 5116 smhe'su
2852 5046 3147 5101 indioiodae
3213 5052 3241 5099 8
3274 5046 3320 5101 ,ιζ
3346 5046 3496 5097 εἰσ-ἐι-

573 5116 714 5169 ekair
782 5123 813 5169 9
851 5118 902 5170 .i.
939 5117 1002 5168 ko
1037 5116 1166 5168 duid
1237 5122 1299 5167 ιο
1336 5116 1386 5167 ,ιζ
1421 5116 1703 5169 innesamni
1731 5116 2081 5187 nadluqimemy
2142 5124 2198 5167 ll
2240 5116 2291 5168 ,ιζ
2329 5116 2571 5183 affiadar
2606 5117 2882 5170 absint-salon

715 5192 774 5237 12
814 5184 863 5238 at.
902 5184 1053 5237 isairi
1085 5184 1313 5237 dorolad
1345 5183 1558 5237 artlt'uus
1594 5185 1834 5238 insalmw
1870 5205 1919 5254 q.
1954 5182 2270 5237 isdobe'staid
2300 5184 2426 5253 insit
