3717 5642
625 389 746 456 784
809 393 947 453 (⁷⁴6·
975 389 1094 454 ⁷4⁷)
1159 383 1239 454 V.
1292 389 1342 452 1.
1408 403 1775 458 nsmvsrio
1819 406 2111 458 annuos
2153 409 2241 457 ετ
2284 410 2651 460 mssRch
2692 409 3131 460 seinamma.

793 573 969 641 OV·:
1035 571 1338 656 Vinovia,
1393 572 1945 642 Durocornovium
1976 575 2195 662 (Brit.)
2236 578 2384 644 Itin.
2424 581 2579 646 Ant.
2658 569 3083 643 Οὐιννοούων
3126 579 3306 666 (opp.
3340 577 3525 664 Brit),

627 675 996 758 Σελγηοῦαι
1040 673 1218 760 (pop.
1267 671 1448 758 Brit.)
1496 675 1658 740 Ptol.
1743 675 2091 764 Gergovia,
2138 679 2415 746 Lexovii
2458 679 2643 748 Caes.
2742 679 2999 764 Segovii
3044 679 3247 748 Inscr.
3290 680 3526 764 (Glt'ick.

622 802 685 866 p.
722 776 892 861 190).
961 773 1249 860 Segovia
1289 774 1455 840 Plin.
1501 775 1653 842 Flor
1717 779 1865 844 Itin.
1912 782 2066 845 Ant.
2132 781 2365 860 Καρτα
2406 780 2996 854 Βιδιλλανιιυιακος
3042 783 3085 846 i.
3120 805 3175 848 e.
3208 782 3529 846 Bidmano-
3653 851 3654 862 .

624 882 824 943 viacos
867 878 1074 942 Inscr.
1117 875 1378 959 (Pictet,
1424 878 1631 942 Nouv.
1663 878 1845 963 Ess.)
1910 881 2201 948 Luxovio
2248 881 2450 948 Inscr.
2498 881 2696 950 Orell.
2730 883 2914 947 2024.
2980 881 3339 951 Luxovium
3380 884 3528 968 (mo-

623 991 818 1062 nast,
875 977 1021 1044 hod.
1065 977 1338 1043 Luxeuil
1395 979 1476 1043 ad
1530 977 1800 1066 Vosag.)
1858 980 1912 1046 F
1915 984 2131 1068 redeg.
2195 993 2259 1048 et
2310 986 2458 1048 Act.
2504 981 2621 1050 SS.
2702 981 2929 1050 Luxov
2948 984 3151 1051 iensis
3210 986 3531 1072 episcopus
3653 993 3654 1006 ἢ

623 1082 970 1149 Aetherius
1014 1079 1189 1164 (hod.
1235 1079 1504 1145 Lisieux
1543 1082 1611 1145 in
1655 1081 2038 1167 Normann.)
2082 1083 2277 1170 Greg.
2312 1083 2461 1148 Tur.
2494 1085 2553 1165 6,
2587 1083 2687 1149 36.
3653 1145 3654 1154 ,

793 1183 949 1250 UV-
994 1181 1294 1268 (fortasse
1337 1203 1376 1245 a
1419 1181 1693 1269 simplici
1735 1207 1772 1246 v
1809 1183 2160 1270 profecta):
2204 1184 2541 1250 Danuvius
2570 1184 2773 1250 Inscr.
2821 1185 3005 1254 Grut.
3035 1187 3181 1269 448,
3214 1189 3274 1254 3.
3320 1191 3453 1272 490,
3480 1189 3535 1252 2.

626 1287 824 1356 Orell.
855 1285 1000 1351 648.
1043 1283 1210 1350 Plin.
1238 1282 1389 1350 Tac.
1437 1283 1639 1368 (Ann.
1673 1285 1731 1367 2,
1765 1287 1865 1350 63.
1910 1287 1969 1366 4,
2004 1289 2061 1351 5.
2108 1286 2280 1384 Hist.
2313 1287 2372 1367 3,
2403 1285 2541 1370 46.)
2625 1286 3023 1354 Dexuviates
3068 1288 3206 1373 (vel
3234 1289 3533 1356 Desuvia-

629 1388 760 1474 tes)
804 1387 971 1453 Plin.
1005 1387 1063 1468 3,
1093 1387 1158 1468 4,
1193 1389 1250 1451 5.
3653 1465 3654 1472 ἵ

797 1487 890 1556 Ut
931 1511 1044 1551 -au
1105 1497 1168 1552 et
1209 1487 1306 1550 -iu
1347 1486 1556 1552 locum
1599 1488 1891 1553 obtinent
1932 1488 2397 1555 derivationum
2441 1491 2643 1571 -avia‚
2700 1493 2851 1554 -ivio
2908 1492 2977 1556 in
3018 1490 3357 1558 cambricis
3399 1491 3535 1554 lim

635 1592 734 1677 (=
763 1588 1085 1672 Letavia),
1131 1590 1279 1652 lisia
1320 1587 1410 1671 (=
1457 1589 1772 1670 lixivium3
1833 1590 1911 1655 cf.
1956 1613 2020 1676 p.
2058 1589 2229 1674 129),
2271 1590 2365 1655 ita
2404 1591 2663 1656 eaedem
2706 1591 3117 1657 inveniuntur
3156 1593 3227 1658 in
3267 1593 3539 1680 plurimis
3652 1591 3654 1616 3

631 1692 996 1759 nominibus
1039 1690 1351 1771 locorum,
1395 1713 1702 1776 pagorum
1746 1689 2019 1772 Galliae,
2064 1691 2131 1755 in
2177 1691 2413 1756 chartis
2458 1691 2563 1758 vel
2604 1692 2921 1759 chronicis
2965 1692 3161 1759 medii
3204 1694 3367 1760 aevi.
3653 1679 3654 1738 Ῑ

793 1792 958 1860 AU:
1023 1792 1254 1874 Calau,
1299 1791 1496 1858 Bisau
1535 1790 2728 1879 Polypt.1rmin.pp.79.133.146.
2813 1793 3053 1860 Peciau
3102 1795 3260 1861 ibid.
3302 1817 3368 1880 p.
3415 1793 3541 1858 128.
3653 1809 3654 1814 ’

631 1895 1022 1980 Significans
1063 1895 1386 1980 regionem
1430 1915 1467 1958 e
1508 1893 1764 1958 nomine
1809 1894 1989 1958 fluvii
2030 1894 2099 1959 in
2142 1917 2244 1958 -α·
2304 1894 2373 1958 in
2415 1915 2584 1981 pago
2626 1893 2851 1960 Tellau
2892 1895 3071 1961 iuxta
3110 1895 3344 1960 fluvios
3373 1894 3545 1960 Tella

627 2008 693 2064 et
734 1996 1065 2078 Warinna,
1111 1994 1568 2080 3011.Apr.2,
1597 1995 1740 2059 217.
1788 1995 1856 2059 in
1900 2018 2067 2081 pago
2112 1995 2335 2062 Tellau
2378 1995 2558 2060 iuxta
2598 1994 2831 2061 fluvios
2862 1995 3079 2062 Tellss
3124 2007 3191 2062 et
3222 1997 3541 2074 Warinna,
3653 2041 3654 2044 =

627 2099 873 2166 Mabill.
907 2119 1074 2164 saec.
1107 2099 1164 2163 3.
1213 2099 1269 2176 2,
1303 2097 1446 2160 464.
1490 2095 1570 2162 D'
1576 2097 1740 2162 Ach.
1787 2099 1845 2179 2,
1880 2099 2023 2162 272.
2065 2096 2135 2161 in
2177 2118 2345 2182 pago
2375 2095 2617 2177 Tellao,
2663 2095 2904 2178 Tellau,
2952 2098 3106 2185 dipl.
3148 2121 3210 2163 a.
3243 2101 3387 2164 709.
3410 2102 3545 2174 751,

627 2200 874 2268 Mabill.
917 2223 1026 2286 pp.
1055 2199 1200 2264 482.
1233 2199 1377 2264 490.
1450 2198 1516 2262 in
1562 2220 1728 2283 pago
1775 2195 2047 2264 Vimnau
2090 2220 2284 2283 super
2326 2198 2521 2266 fluvio
2568 2195 2843 2280 vimina,
2888 2198 3140 2266 D'Ach.
3189 2201 3251 2280 2,
3283 2199 3425 2264 275.
3486 2200 3547 2262 ἱιι

627 2325 795 2390 pago
849 2301 1158 2383 Vimnau,
1215 2298 1367 2385 dipl.
1411 2321 1469 2364 a.
1515 2301 1668 2380 775,
1728 2299 1976 2366 Mabill.
2032 2322 2095 2385 p.
2127 2299 2271 2363 498.
2338 2299 2407 2364 in
2450 2321 2617 2385 pago
2662 2298 2976 2381 Witmau,
3032 2299 3247 2366 Perta.
3312 2305 3367 2383 1,
3414 2301 3547 2366 520.
3653 2309 3654 2332 ³

627 2405 824 2491 Apud
879 2402 1149 2488 Gregor.
1208 2400 1472 2466 Turon..
1457 2425 1472 2440 ·
1542 2398 1776 2468 Berrao
1832 2401 2014 2466 vicus
2076 2400 2172 2482 10,
2216 2401 2315 2465 31.
2348 2401 2417 2480 6,
2487 2401 2603 2466 sed
2667 2401 3015 2468 accedente
3078 2402 3547 2468 terminatione:
3653 2485 3654 2494 ἒ

633 2503 1048 2572 Berravensis
1091 2525 1295 2591 pagus
1342 2503 1538 2584 6,12.

797 2604 1167 2673 1U213asiu
1211 2603 1308 2688 (=
1335 2602 1668 2688 Bacivum)
1711 2601 1957 2669 Mabill.
2004 2601 2158 2689 dipl.
2202 2623 2267 2716 p.
2299 2603 2441 2683 250,
2488 2599 2703 2685 Baci0,
2748 2627 2789 2668 a
2841 2605 2987 2684 716,
3024 2601 3273 2670 Mabill.
3316 2626 3380 2690 Ρ.
3410 2605 3553 2670 485.

632 2709 868 2791 Sithiu,
916 2705 1123 2772 Sitdiu
1167 2701 1679 2792 (monasterium)
1735 2726 1836 2790 ap.
1882 2702 2091 2769 Pei-'tz-
2138 2715 2203 2769 et
2244 2703 2311 2780 in
2354 2703 2619 2769 chartul.
2686 2704 3069 2780 sithivensi,
3112 2706 3212 2774 ed.
3244 2705 3553 2776 Guersrd.

632 2808 868 2892 Ualliu,
915 2807 1065 2896 dipl.
1097 2831 1153 2873 a.
1187 2809 1328 2888 799,
1373 2805 1623 2875 Mabill.
1651 2827 1712 2890 p.
1745 2806 1890 2870 503.
1934 2805 2116 2871 missi
2156 2804 2224 2869 in
2254 2803 2498 2886 Tellsu,
2546 2802 2800 2887 Vitnau,
2845 2806 3101 2888 Pontia,
3146 2805 3382 2872 Miraei
3410 2829 3555 2892 opp.
3653 2809 3654 2900 3

632 2935 696 2998 p.
728 2912 870 2976 340.
919 2909 998 2975 de
1038 2931 1208 2996 pago
1252 2907 1507 2988 Pontiu,
1552 2905 1796 2973 Mabill.
1847 2907 1999 2992 dipl.
2043 2929 2150 2993 pp.
2180 2907 2325 2972 393.
2370 2907 2514 2971 520.
2579 2902 2866 2988 Madriu,
2913 2908 3067 2994 dipl.
3112 2931 3169 2974 a.
3202 2912 3359 2992 775,
3420 2909 3559 2974 Ma·
3652 2891 3654 2996 3

633 3013 766 3080 bill.
809 3035 869 3098 p.
900 3013 1045 3078 498.
1118 3008 1372 3091 Mairiu,
1417 3032 1472 3072 a.
1506 3008 1649 3089 832,
1693 3007 1939 3074 Mabill.
1972 3009 2115 3073 520.
2146 3009 2290 3074 536.
2376 3007 2571 3072 Addo
2614 3030 2833 3075 vocem
2878 3009 3063 3074 silvia
3103 3010 3324 3096 (quasi
3366 3012 3559 3076 latine

634 3115 880 3181 dicatur
920 3113 1256 3194 eil-nivium,
1301 3132 1496 3197 germ.
1543 3118 1716 3174 streu
1734 3160 1751 3191 ,
1797 3109 1969 3195 quod
2012 3110 2436 3176 substernitur
2478 3108 2695 3196 pecori
2742 3108 2822 3175 de
2867 3111 3030 3177 silva
3070 3111 3407 3179 collectum
3420 3113 3482 3196 Ρ)
3524 3134 3557 3176 e

635 3216 894 3302 diplom.
940 3237 996 3278 a.
1029 3215 1184 3279 917:
1227 3215 1308 3280 de
1347 3220 1605 3278 moneta
1649 3220 1713 3275 et
1753 3211 2135 3277 molendinis
2182 3221 2246 3276 et
2288 3213 2530 3278 cambis
2575 3211 2654 3276 de
2684 3211 2898 3298 pontis
2942 3234 3195 3298 quoque
3238 3215 3558 3279 censubus

637 3331 703 3384 et
766 3317 845 3382 de
904 3315 1086 3381 silvis
1141 3316 1312 3402 qnod
1371 3314 1563 3378 etiam
1613 3313 1836 3375 rustioe
1888 3313 2118 3376 dicitur
2174 3313 2356 3375 silvia
2420 3322 2487 3378 et
2530 3335 2819 3399 quaeque
2860 3314 3183 3398 pertinent
3242 3315 3323 3380 ad
3370 3337 3560 3402 snpra
3653 3315 3654 3366 ἒ

642 3419 874 3484 dictam
915 3417 1130 3482 villam
1173 3425 1314 3497 etc„
1363 3428 1426 3481 et
1469 3437 1505 3480 e
1549 3413 1701 3500 dipl.
1749 3435 1806 3477 a.
1839 3413 1995 3478 919:
2040 3435 2273 3478 nonam
2316 3421 2559 3499 partem
2600 3415 2669 3478 in
2700 3436 2969 3496 annona,
3012 3413 3183 3496 feno,
3230 3417 3557 3502 sega-libus
3653 3409 3654 3434 ³

637 3531 701 3586 et
743 3521 823 3585 de
864 3519 987 3585 hoc
1031 3519 1202 3604 quod
1241 3519 1466 3581 rustice
1507 3515 1736 3580 dicitur
1771 3514 1958 3578 silvia
1998 3537 2121 3581 nec
2160 3536 2291 3579 non
2337 3514 2524 3579 etiam
2569 3515 2648 3578 de
2676 3513 2987 3580 hostiliu‘o
3015 3527 3261 3597 nostro,
3306 3517 3555 3582 Mabill.
3653 3569 3654 3582 ,

637 3622 792 3708 dipl.
837 3644 946 3707 pp.
989 3621 1133 3684 562.
1167 3619 1311 3683 563.
1410 3616 1780 3684 Accedente
1829 3617 2269 3682 terminatione
2314 3626 2466 3681 sunt
2502 3616 2745 3681 formae
2797 3626 2869 3679 ut
2908 3637 3131 3701 supra:
3186 3618 3257 3682 in
3300 3616 3555 3696 Bacivo,

637 3723 792 3809 dipl.
839 3744 894 3786 a.
929 3722 1071 3801 716,
1115 3718 1361 3786 Mabill.
1391 3741 1454 3804 p.
1485 3718 1629 3782 485.
1675 3737 1889 3783 comes
1917 3715 2349 3798 Pontivensis‚
2396 3716 2549 3802 dipl.
2594 3739 2649 3782 a.
2690 3717 2851 3782 1066
2896 3739 2995 3803 ap.
3028 3715 3277 3784 Mabill.
3323 3742 3387 3804 p.
3414 3720 3555 3784 586.
3653 3739 3654 3808 5

635 3825 704 3889 in
745 3843 978 3912 pagum
1020 3819 1382 3902 Pontivum,
1432 3819 1514 3884 de
1554 3839 1719 3904 pago
1761 3815 2060 3904 Pontivo,
2102 3820 2262 3888 Boll.
2306 3817 2518 3903 April.
2568 3821 2623 3900 1,
2654 3819 2756 3882 25.
2800 3815 2925 3882 Iul.
2954 3821 3013 3901 5,
3044 3819 3193 3884 287.

800 4123 1246 4190 Hibernica
1302 4122 1360 4189 V
1419 4121 1715 4188 derivans
1771 4119 2119 4184 secundum
2172 4141 2277 4202 ea,
2335 4143 2501 4207 quae
2556 4144 2751 4208 supra
2801 4143 2911 4207 pp.
2958 4123 3211 4186 54-58
3268 4123 3559 4209 exposita
3653 4151 3654 4158 ¹

637 4233 818 4304 sunt,
869 4223 1001 4291 nisi
1041 4233 1194 4310 post
1233 4225 1306 4304 d,
1347 4247 1428 4304 π,
1471 4224 1520 4303 l,
1563 4245 1600 4284 r
1649 4255 1734 4268 —-
1787 4230 1937 4306 post
1977 4242 2137 4306 quas
2182 4221 2219 4285 b
2262 4223 2563 4308 scriptam
2624 4244 2773 4287 esse
2811 4245 2850 4284 υ
2902 4221 3291 4308 primitivam
3342 4225 3557 4288 formis

635 4323 1009 4392 britannicis
1075 4325 1400 4406 docemur,
1465 4333 1536 4390 ut
1584 4323 1656 4387 in
1689 4322 1851 4406 fedb
1905 4321 2192 4407 (vidua),
2262 4323 2421 4387 banb
2478 4321 2684 4407 (sus),
2750 4321 2875 4386 8er
2926 4322 3361 4408 (possessio),
3431 4325 3557 4390 ‹1er
3653 4375 3654 4416 3

639 4425 930 4512 (imago),
973 4427 1111 4492 ται-ὂ
1140 4425 1442 4511 (taurus),
1485 4423 1664 4488 marb
1691 4421 2061 4507 (mortuus),
2106 4423 2244 4488 sev-b
2275 4423 2590 4508 (amarus)
2626 4461 2704 4472 --
2750 4434 3006 4488 servata
3045 4445 3175 4488 non
3220 4425 3557 4492 invenitur.

637 4527 842 4594 Periit
882 4529 1078 4614 igitur
1129 4538 1276 4614 post
1317 4536 1564 4592 ceteras
1608 4546 1925 4590 consonas
1980 4547 2199 4590 omnes
2256 4534 2327 4588 ut
2367 4536 2515 4612 post
2554 4547 2588 4588 c
2628 4525 2699 4590 in
2737 4525 2845 4589 eelz.
2886 4523 3187 4609 (equus),
3242 4525 3557 4592 interdum

641 4653 770 4695 una
811 4651 952 4696 cum
995 4629 1198 4695 vocali
1245 4627 1661 4694 antecedente
1703 4636 1776 4691 ut
1815 4627 1884 4690 in
1928 4630 1991 4690 ἑο
2033 4626 2287 4710 (mors),
2336 4627 2454 4708 des,
2501 4629 2633 4690 dese
2662 4623 2947 4710 (dexter)
2990 4636 3213 4690 contra
3260 4630 3409 4694 brit.
3453 4653 3557 4694 an-
3653 4637 3654 4688 ζ

635 4753 778 4813 cou,
837 4731 1033 4795 debon
1084 4741 1149 4795 et
1191 4729 1338 4816 gall.
1384 4729 1690 4809 Dat-siva,
1751 4739 1819 4794 ut
1861 4728 1929 4792 in
1972 4728 2386 4813 transumptis
2426 4727 2583 4812 posit
2642 4725 3024 4813 (positivus)
3078 4737 3237 4808 etc.;
3296 4731 3557 4796 eandem

636 4842 786 4918 post
828 4832 1082 4898 vocales
1125 4841 1318 4896 totam
1361 4829 1627 4916 perisse,
1670 4830 1846 4896 nullo
1890 4831 2015 4894 nisi
2062 4830 2128 4893 in
2162 4829 2553 4916 diphthongo
2594 4854 2681 4894 au
2724 4828 2826 4894 vel
2860 4828 3188 4894 vocalibus
3232 4833 3559 4916 productis

635 4936 688 5016 ό,
733 4935 777 4997 ά
817 4933 1093 5019 vestigio
1149 4932 1402 5015 relicto,
1461 4931 2029 4997 demonstravimus
2076 4932 2383 5017 exemplis
2424 4943 2575 4997 tana
2620 4929 2923 5015 (tenuis),
2969 4955 3119 5009 nau,
3164 4933 3276 4996 no'i
3321 4931 3560 5017 (navis)
3653 4937 3654 5018 3

637 5057 714 5100 ac
755 5043 1150 5123 transumpto
1195 5035 1294 5098 ola
1348 5031 1667 5118 (olivum).
1763 5031 1981 5114 Quare
2035 5031 2369 5098 hibernica
2416 5059 2452 5096 v
2510 5034 2804 5100 derivans
2862 5031 3263 5117 comprobari
3350 5033 3561 5118 nequit
3653 5027 3654 5064 ³

634 5135 766 5202 nisi
807 5135 1181 5203 britannicis
1224 5135 1513 5202 dialectis
1553 5133 1955 5221 comparatis.
