3717 5642
950 391 1068 459 IV.
1115 394 1173 459 2.
1239 410 1813 461 rmrosmouns
1858 412 2338 462 Bm‘rmmcas.
2613 396 2752 460 (648·
2783 398 2910 461 649)
2984 392 3106 461 685

220 581 539 668 exemplum
596 602 729 646 non
770 580 1133 647 invenimus
1146 632 1163 662 ‚
1210 580 1351 647 sine
1408 580 1603 647 dubio
1662 592 1797 646 oute
1814 628 1831 657 ‚
1887 582 2092 647 dioute
2145 582 2250 649 vel
2308 582 2690 669 (secundum
2736 584 3110 650 varietatem

220 682 474 767 dialecti)
516 693 673 762 outo,
716 682 941 747 diomo.
2283 759 2292 767 ⁸

362 782 593 851 CANT
638 784 1067 871 (respondens
1110 794 1239 850 tam
1281 784 1411 849 hib.
1456 806 1594 865 con,
1640 786 1747 850 lat.
1794 806 1960 867 oum,
2007 808 2192 871 quam
2236 809 2467 871 graeco
2515 780 2748 870 κατά),
2799 789 3112 854 vetustior

220 887 396 951 forma
437 884 822 967 britannica,
870 894 1123 951 servata
1162 884 1231 949 in
1273 886 1709 953 notationibus
1754 886 1833 952 de
1877 887 2196 953 mensuris
2239 889 2351 971 (cf.
2397 889 2872 976 appendicem),
2919 902 3108 977 atque

219 988 409 1053 eadem
448 987 579 1052 fere
626 986 693 1050 in
738 984 897 1053 Voc.
942 1010 1089 1052 cam
1125 987 1273 1072 (pro
1316 999 1487 1071 cant,
1536 998 1606 1053 ut
1646 1012 1805 1055 nam
1850 988 1918 1053 in
1963 987 2188 1053 eodem
2231 1012 2348 1076 pro
2390 1002 2577 1069 nant,
2643 992 2858 1071 vallis3
2919 992 2995 1058 cf.
3043 1016 3108 1078 p.

224 1092 375 1176 153),
426 1091 491 1155 in
532 1090 997 1156 recentioribus
1046 1087 1229 1155 libris
1282 1090 1621 1156 cambricis
1680 1090 2032 1157 assimilata
2085 1102 2110 1155 t
2163 1091 2392 1157 transit
2447 1092 2514 1155 in
2560 1090 2839 1173 CANN,
2903 1090 3103 1172 CAN,

218 1194 553 1279 plerumque
600 1190 906 1257 destituta
932 1214 981 1255 c.
1070 1189 1255 1271 Quae
1296 1192 1501 1259 forma
1540 1216 1655 1279 per
1697 1215 1918 1259 omnes
1963 1192 2272 1259 dialectos
2317 1194 2664 1259 increbruit
2705 1204 2850 1259 ante
2881 1216 3110 1281 prono-

220 1296 367 1361 mina
406 1294 655 1375 suffixa,
700 1300 941 1358 mutata
980 1292 1189 1358 vocali
1230 1293 1341 1359 ubi
1382 1294 1563 1361 locus
1610 1304 1711 1361 est
1750 1292 2100 1361 infectioni.

358 1396 671 1485 Exempla
698 1418 859 1462 cam
877 1396 979 1461 br.
1028 1416 1063 1459 e
1091 1394 1165 1460 L.
1196 1396 1433 1463 Laud:
1478 1398 1563 1483 dy
1592 1418 1745 1483 aper·
1760 1397 1906 1483 pull
1932 1419 2182 1481 neuynn
2205 1418 2250 1481 9
2275 1420 2402 1483 puy
2429 1418 2508 1463 av·
2535 1398 2644 1483 Ιι9ύ
2665 1418 2792 1483 9313]
2819 1420 2859 1461 a
2889 1397 3110 1481 hasren

217 1523 315 1563 can
350 1523 391 1586 3]
430 1501 711 1565 choo-econ
754 1498 865 1562 hai
907 1497 1205 1583 discynua
1242 1520 1287 1583 9
1316 1498 1531 1585 loqqou
1575 1498 1669 1563 bet
1710 1520 1864 1585 aper
1901 1498 2104 1562 marie
2145 1498 2256 1583 (cf.
2289 1500 2441 1565 20οε
2483 1520 2612 1585 9υ3]
2654 1518 2734 1562 ar
2773 1500 2802 1559 i
2839 1496 2928 1565 hit
2972 1518 3112 1559 cum

223 1602 507 1682 comibus,
553 1602 709 1667 216:
754 1600 888 1663 uim
928 1622 1005 1663 ar
1047 1601 1076 1661 i
1112 1600 1203 1663 hit
1243 1622 1385 1665 cum
1425 1599 1719 1665 comtibus
1760 1603 1910 1681 mie,
1955 1601 2112 1666 226:
2163 1600 2256 1693 bct
2294 1604 2458 1665 imor
2497 1601 2722 1686 hafren
2764 1620 2904 1663 cum
2947 1620 3111 1662 core-

220 1703 355 1768 tibus
402 1706 525 1769 aui-⁹
576 1714 635 1769 et
686 1700 1075 1788 anfi-aestima
1126 1703 1381 1767 navium
1433 1722 1575 1767 cum
1625 1702 2038 1788 applicatione
2093 1702 2286 1767 libera
2339 1704 2410 1766 in
2461 1704 2608 1767 ostio
2651 1700 2910 1785 Taroci)
2970 1702 3114 1765 135.

224 1807 335 1869 mi
368 1806 429 1868 ir
467 1808 589 1871 coit
628 1806 973 1892 diryuairet
1016 1806 1121 1869 dir
1160 1805 1351 1869 claud
1390 1823 1470 1867 ar
1510 1806 1540 1867 i
1562 1804 1655 1867 hit
1698 1802 1792 1867 bet
1830 1806 1859 1866 i
1878 1826 2006 1889 9α3]
2049 1826 2212 1869 cann
2250 1807 2281 1869 i
2305 1804 2586 1869 choretou
2627 1804 2976 1889 dir-quairet
3020 1801 3114 1867 bet

220 1919 353 1991 pant
390 1907 591 1972 ankuc
632 1905 781 1992 (per
822 1905 1047 1981 silvam
1091 1906 1385 1972 deorsum
1429 1904 1511 1969 ad
1537 1904 1793 1983 fossam,
1834 1905 2186 1971 secundum
2216 1928 2354 1971 eam
2395 1928 2598 1992 usque
2639 1906 2707 1970 in
2737 1904 2818 1971 G.
2848 1904 3114 1970 fluvium

219 2031 339 2073 cum
386 2007 655 2095 piscinis
714 2008 853 2074 eius
914 2008 1207 2073 deorsum
1258 2027 1463 2092 usque
1528 2006 1611 2071 ad
1650 2005 1882 2071 vallem
1924 2006 2040 2091 A.)
2088 2010 2223 2073 157.
2309 2008 2368 2073 Ε
2412 2006 2600 2093 Leg.:
2665 2030 2752 2071 na
2789 2007 3114 2093 quenelynt

217 2110 349 2193 (lym
377 2132 605 2196 namyn
646 2110 771 2173 kan
822 2131 865 2195 9
906 2109 1139 2196 lcaqhor
1180 2108 1255 2193 es
1296 2108 1411 2194 (ne
1450 2108 1693 2174 faciant
1733 2108 2078 2193 quidquam
2119 2109 2248 2175 nisi
2303 2132 2445 2175 cum
2489 2110 2759 2175 consilio
2801 2107 3008 2191 illius)
3059 2108 3110 2189 1,

218 2214 265 2291 7,
304 2215 393 2277 17.
455 2234 561 2277 am
607 2234 652 2297 9
706 2209 913 2296 cafael
964 2233 1082 2275 ean
1127 2232 1251 2296 qur
1307 2208 1377 2295 [a
1419 2212 1545 2275 dan
1590 2206 1763 2293 well]
1828 2210 2118 2297 (propter
2161 2211 2736 2297 deprehensionem
2783 2210 2923 2277 eius
2969 2232 3114 2275 cum

216 2314 333 2378 viro
374 2313 490 2380 sub
533 2311 795 2397 lodice),
841 2334 876 2378 ο
918 2312 1055 2394 keif
1086 2312 1167 2396 1ι9
1206 2334 1249 2397 9
1284 2332 1407 2397 qur
1442 2334 1573 2397 qan
1611 2313 1823 2399 qureic
1863 2312 2032 2377 arall
2069 2313 2160 2397 (si
2189 2312 2677 2401 deprehenderit
2718 2334 2796 2378 ea
2823 2312 3112 2377 maritum

218 2436 339 2479 cum
380 2416 505 2481 alia
544 2414 841 2499 muliere)
896 2415 956 2496 2,
1004 2416 1058 2495 1,
1103 2414 1205 2479 39.
1292 2410 1351 2477 Ε
1392 2411 1599 2481 Mau:
1672 2438 1751 2479 ar
1800 2415 2106 2499 ymdidan
2159 2440 2200 2479 a
2241 2438 2503 2501 ‘cyanum
2550 2439 2678 2501 yan
2729 2435 2862 2498 wyr
2915 2415 3116 2477 achan

216 2518 435 2602 wraqed
484 2516 799 2603 aqaffwnn
855 2514 951 2598 (et
992 2514 1377 2601 colloquium
1434 2515 1602 2600 quod
1661 2515 1957 2582 volebam
2011 2538 2158 2581 cum
2215 2515 2370 2582 viris
2427 2525 2490 2581 et
2542 2538 2682 2581 cum
2737 2516 3112 2582 mulieribus

217 2616 549 2704 capiebam)
600 2620 654 2698 1,
691 2618 789 2683 10.
842 2638 959 2682 can
1002 2618 1087 2703 dy
1122 2616 1403 2702 qanlzyat
1443 2616 1619 2701 (cum
1661 2618 1855 2683 venia
1895 2617 2034 2702 tua)
2085 2622 2136 2701 1,
2171 2618 2313 2683 275.
2367 2618 2462 2679 mi
2501 2642 2542 2681 a
2583 2616 2783 2700 rodas
2815 2618 3002 2681 nawd
3041 2620 3118 2681 itt

213 2742 320 2803 qun
360 2720 524 2804 bynu
566 2718 767 2803 (dabo
809 2718 923 2785 tibi
968 2718 1219 2784 veniam
1261 2719 1382 2785 hac
1412 2718 1821 2804 condicione)
1852 2720 1910 2800 2,
1950 2720 2044 2785 19.
2099 2720 2372 2783 atha-uara
2411 2742 2500 2783 uu
2537 2741 2667 2804 qan
2695 2720 2884 2782 owein
2908 2718 3116 2805 hynny

219 2819 299 2901 (et
336 2844 591 2907 aegrum
642 2818 763 2887 fuit
806 2817 1049 2885 Oweno
1092 2819 1282 2905 illud)
1332 2825 1386 2902 1,
1432 2822 1532 2887 37.
1604 2820 1845 2905 hoffach
1885 2842 1966 2883 vu
2004 2844 2133 2906 yan
2176 2822 2366 2885 owein
2402 2842 2446 2905 3]
2490 2819 2774 2885 bor-tham
2825 2843 2904 2885 no
2957 2822 3116 2886 chan

215 2944 397 3007 qynon
439 2923 899 3011 (praestantior
942 2923 1082 2988 visa
1123 2932 1223 2989 est
1264 2921 1343 2989 Ο.
1390 2944 1551 2987 cena
1594 2944 1783 3009 quam
1828 2919 1970 3005 Q),
2029 2921 2266 3005 koffach
2319 2946 2406 2985 uu
2441 2946 2572 3009 qam
2614 2926 2800 2987 owein
2842 2924 3034 2987 meiat
3068 2946 3113 3009 9

213 3046 327 3109 9¹⁶⁹·
364 3026 449 3091 du
498 3048 579 3089 πο
609 3024 767 3091 ohan
806 3045 1013 3110 qymm
1056 3023 1285 3107 (maior
1328 3022 1472 3089 visa
1498 3032 1599 3089 est
1629 3022 1711 3090 Ο.
1754 3023 2124 3109 magnitudo
2169 3022 2292 3087 viri
2333 3022 2499 3110 nigri
2545 3047 2734 3111 quam
2765 3023 2872 3109 C.)
2925 3029 2975 3107 1,
3015 3027 3110 3091 13.

363 3124 785 3213 Coniungitur
826 3124 987 3191 haec
1026 3124 1417 3211 praepositio
1464 3124 1631 3191 sicut
1670 3124 2064 3210 praecedens
2107 3146 2254 3189 cum
2296 3146 2514 3211 praep.
2553 3149 2598 3210 3]
2627 3125 2790 3209 (dz):
2831 3150 2876 3211 9
2917 3127 3040 3191 lcan
3084 3150 3116 3192 e

220 3226 451 3313 brenyn,
514 3251 559 3314 9
600 3228 725 3293 leem
766 3248 797 3291 e
838 3226 1131 3313 brenynee
1184 3225 1255 3309 (a
1294 3248 1477 3311 rege,
1523 3249 1564 3292 a
1602 3226 1855 3313 regina)
1898 3225 2056 3312 Leg.
2107 3228 2159 3307 1,
2207 3228 2262 3308 1,
2294 3229 2354 3290 4.
2425 3226 2532 3289 ath
2575 3229 2842 3293 annerch·
2890 3252 2934 3314 9
2984 3252 3114 3315 9αη

218 3333 399 3395 ereint.
442 3331 643 3396 achan
686 3330 769 3414 dy
810 3328 1081 3392 amere-h
1123 3328 1195 3411 ef
1228 3326 1735 3413 amkymhellawd
1772 3330 1803 3391 i
1841 3328 1950 3413 hyt
1987 3348 2152 3412 yma.
2193 3348 2238 3411 3]
2277 3329 2596 3392 wneuthur
2637 3330 2720 3413 (13]
2762 3330 3004 3415 ewyllys
3048 3331 3120 3393 di

218 3434 560 3518 amyodyant
612 3432 695 3517 dy
734 3451 985 3515 vorwyn
1038 3451 1082 3514 3]
1120 3452 1247 3515 qam
1286 3452 1331 3515 9
1372 3450 1513 3492 corr
1568 3429 1896 3514 (salutatio
1949 3436 2060 3493 tua
2101 3451 2144 3493 a
2185 3426 2494 3494 Gerontio
2510 3480 2527 3511 ,
2585 3438 2650 3494 et
2691 3452 2836 3496 cum
2879 3432 3114 3497 saluta-

220 3531 365 3599 tione
404 3544 515 3599 tua
548 3532 693 3619 ipse
742 3554 843 3597 me
897 3530 1205 3615 compulit
1259 3529 1381 3595 huc
1438 3532 1519 3596 ad
1578 3531 2096 3598 satisfaciendum
2153 3530 2274 3597 tibi
2327 3531 2408 3596 ob
2460 3531 2809 3598 laesionem
2863 3533 3114 3620 puellae

218 3640 341 3700 tuae
380 3658 421 3701 a
446 3634 790 3723 pygmaeo)
830 3630 1003 3697 Mab.
1036 3633 1093 3713 2,
1127 3632 1229 3696 24.

360 3736 527 3803 Cum
579 3734 1061 3823 pronominibus
1128 3733 1377 3799 suffixis
1447 3733 1765 3823 exempla:
1834 3735 1996 3819 sing.
2071 3738 2124 3799 1.
2167 3756 2366 3822 pem:
2435 3735 2559 3821 hyn
2613 3735 2958 3820 odyn-edas
2996 3737 3121 3821 ycti

225 3851 302 3901 rot
322 3839 555 3923 yntebic
589 3836 833 3925 ymnus
865 3835 1021 3919 (hoc
1064 3835 1209 3900 dico
1249 3835 1385 3917 tibi,
1434 3857 1579 3902 esse
1622 3836 1968 3903 verisimile
2011 3835 2214 3919 mihi),
2261 3836 2540 3920 dywedut
2583 3859 2885 3923 aoruyum
2925 3841 3112 3902 inneu

226 3938 303 4003 bot
332 3942 501 4025 ynda
538 3938 783 4027 qeunw‘t'
824 3936 991 4022 (dixi
1032 3934 1329 4021 equidem
1372 3937 1573 4002 videri
1618 3939 1849 4003 bonum
1881 3937 2071 4021 mihi)
2100 3936 2273 4002 Mab.
2315 3939 2368 4018 1,
2398 3938 2460 4001 4.
2490 3940 2550 4002 5.
2611 3938 2752 4000 abir
2795 3962 2882 4001 uu
2906 3938 3110 4025 yengsi

219 4062 253 4122 y
286 4064 383 4104 nos
420 4042 623 4106 bonno
667 4039 765 4123 (et
803 4039 1001 4123 longa
1041 4038 1185 4103 visa
1226 4048 1326 4104 est
1376 4037 1533 4103 mihi
1574 4060 1703 4103 nox
1746 4038 1888 4123 illa)
1937 4042 1990 4121 1,
2019 4041 2079 4103 6.
2147 4038 2369 4124 aqollee
2406 4060 2450 4123 9
2487 4040 2734 4124 9επη9Ῐ
2767 4042 2956 4103 meint
2997 4042 3113 4103 teir

224 4139 411 4225 blyned
469 4142 617 4228 (qui
678 4140 839 4206 abiit
888 4162 929 4205 a
980 4164 1081 4207 me
1136 4140 1369 4207 abhinc
1422 4150 1554 4205 tres
1610 4139 1845 4223 annos)
1905 4143 1960 4222 1,
2005 4142 2104 4204 21.
2215 4141 2273 4203 2.
2317 4160 2516 4223 pers.:
2586 4140 2884 4205 chwedleu
2936 4162 2972 4203 o
3027 4141 3118 4225 lys

226 4242 419 4306 arthur
464 4253 697 4329 yemayt
751 4241 1043 4326 (nuntios
1088 4265 1125 4309 e
1170 4241 1345 4307 curia
1385 4243 1469 4306 A.
1511 4248 1750 4322 tecum,
1810 4240 2049 4325 adfers)
2099 4245 2152 4323 1,
2197 4241 2298 4305 20.
2366 4262 2430 4303 οε
2472 4242 2555 4304 da
2594 4240 2818 4327 yenlzyt
2871 4239 2959 4323 (si
3004 4243 3114 4306 bo—

224 4364 341 4406 nnm
376 4344 491 4409 tibi
538 4342 821 4429 videtur)
860 4345 919 4426 2,
962 4346 1105 4410 383.
1156 4343 1335 4429 ywell
1364 4364 1467 4428 yw
1500 4344 1778 4428 yennytti
1814 4342 2070 4426 (melius
2115 4342 2366 4407 videtur
2403 4340 2551 4426 tibi)
2611 4346 2663 4425 1,
2708 4344 2766 4406 6.
2855 4342 2913 4409 3.
2945 4364 3114 4428 pers.

226 4464 412 4510 masc:
458 4468 535 4509 ac
559 4446 829 4530 ymdeieh
871 4445 1097 4531 ydaeth
1139 4467 1214 4507 ar
1256 4444 1567 4507 deuvaroh
1606 4454 1855 4530 yantaw
1899 4444 1994 4528 (et
2020 4444 2337 4529 processit
2381 4452 2443 4507 et
2487 4442 2612 4507 duo
2643 4442 2791 4527 equi
2834 4463 2972 4507 cum
3007 4442 3114 4525 eo)

230 4546 385 4625 1,10.
437 4546 737 4633 nychollet
779 4568 889 4611 oen
933 4550 1159 4632 eiryoec
1195 4544 1489 4632 yanthaw
1533 4543 1691 4627 (non
1720 4544 1996 4610 amissus
2042 4553 2140 4609 est
2181 4565 2382 4628 agnus
2427 4566 2706 4630 unquam
2749 4545 2830 4609 ab
2862 4566 2956 4625 ec,
3001 4568 3116 4630 pa-

228 4649 395 4733 store)
437 4650 498 4731 2,
530 4650 676 4714 215.
732 4649 1053 4734 ασΙι9ηιν9ι
1088 4658 1285 4734 ywaet
1320 4668 1365 4732 3]
1406 4646 1611 4709 ωἰᾱοπ
1654 4668 1726 4711 ae
1749 4647 1936 4733 qadw
1974 4644 2268 4733 yanthaw
2309 4643 2406 4728 (et
2448 4666 2694 4711 sumere
2741 4645 3116 4730 sanguinem

229 4749 407 4834 strigis
452 4759 517 4815 et
560 4771 817 4816 servare
862 4770 1007 4815 eum
1052 4748 1297 4833 secum)
1342 4748 1401 4829 2,
1434 4748 1577 4812 247.
1662 4746 1874 4813 Fem.:
1947 4743 2144 4831 aphob
2187 4769 2274 4808 un
2312 4767 2400 4830 9η
2442 4747 2722 4833 driyyaw
2765 4769 2842 4810 ar
2884 4747 2990 4833 ayt
3018 4764 3120 4833 ’9π

228 4846 453 4937 Ιεεῑειι9η.
512 4874 589 4917 ac
626 4873 755 4937 yny
798 4862 1023 4937 esmnq
1058 4851 1230 4937 qemi
1266 4848 1365 4933 (et
1408 4848 1847 4934 unusquisque
1860 4898 1878 4929 ,
1923 4870 2063 4911 mus
2077 4898 2093 4929 ,
2153 4848 2508 4914 ascendens
2553 4847 2901 4913 secundum
2944 4850 3114 4914 cala-

230 4970 379 5037 mum,
422 4962 487 5021 et
530 4952 879 5019 deflectens
924 4974 1072 5017 eum
1116 4949 1361 5035 secum)
1407 4952 1463 5032 3,
1502 4952 1641 5015 155.
1704 4972 1928 5035 pamm
1971 4970 2148 5013 uarw
2195 4972 2240 5034 9
2280 4970 2416 5035 qm·
2457 4950 2530 5033 es
2561 4974 2601 5012 a
2655 4950 2870 5013 edewie
2907 4950 3122 5035 ‚qenthi

231 5052 337 5139 choy
370 5055 655 5121 iarllaeth
697 5054 875 5140 (cum
915 5062 1259 5119 moreretur
1302 5051 1561 5117 maritus
1606 5052 1767 5135 eius,
1816 5051 1874 5115 is
1921 5050 2181 5137 reliquit
2221 5051 2280 5115 ei
2327 5051 2486 5115 duos
2527 5050 2889 5135 comitatus)
2927 5054 2979 5132 1,
3012 5054 3112 5117 28.

230 5158 301 5219 mi
340 5158 574 5241 arodus
614 5158 692 5221 ia
742 5156 855 5223 heb
904 5178 949 5242 9
998 5155 1253 5221 brenkin
1308 5176 1450 5240 vym
1502 5154 1706 5219 mach„
1756 5175 1847 5239 yn
1891 5152 2110 5217 ὀνίαισι
2159 5176 2202 5218 a
2243 5152 2482 5218 hanuet·
2533 5174 2612 5239 vy
2661 5152 3106 5237 brenkinyaetla
