3717 5642
812 449 1176 499 uranum.
1243 450 1576 498 SPEGIMEN
1621 448 1887 497 conteis
1928 446 2279 496 HIBERNIOI
2319 446 2435 493 m..
2496 430 2877 523 (1063-1065)
2932 430 3091 494 1043

157 619 612 686 Hebraeorum
669 618 1109 685 auctoritatem
1165 620 1370 685 secuti
1425 627 1490 685 et
1530 618 1806 684 maxime
1850 616 2309 703 apostolorum,
2370 614 2479 701 qui
2525 636 2775 702 semper
2818 614 2887 679 in
2929 637 3097 679 novo

155 730 540 788 testamento
596 720 981 809 psalmorum
1035 721 1263 786 librum
1319 722 1674 802 nominant,
1733 740 1928 783 unum
1972 716 2315 782 asserimus
2357 715 2747 802 psalmorum
2804 717 3102 782 volumen

164 872 180 889 .
209 874 222 886 .
257 872 272 887 .
305 822 577 909 Moyses
622 842 874 908 quoque
927 832 990 887 et
1029 821 1394 888 Hieremias
1451 832 1514 888 et
1559 820 1755 888 ceteri
1807 820 1877 885 in
1932 818 2103 883 hunc
2153 816 2443 883 modum²
2508 818 2739 885 multos
2795 818 3103 885 haberent

155 924 398 1005 libros,
459 924 568 1009 qui
621 924 690 987 in
746 925 974 990 mediis
1020 920 1468 991 'voluminibus
1516 924 1650 989 suis
1708 942 1895 987 amen
1946 920 2309 1006 frequenter
2358 920 2760 989 interserunt.
2850 919 2978 988 Sed
3040 930 3105 985 et

159 1046 470 1091 numerus
527 1024 757 1110 viginti
811 1026 1072 1093 duorum
1131 1025 1432 1091 librorum
1484 1024 1925 1091 hebraicorum
1980 1030 2045 1089 et
2096 1020 2469 1107 mysterium
2525 1022 2811 1087 eiusdem
2861 1022 3105 1087 numeri

163 1125 680 1193 commutabitur.
769 1126 934 1192 Nam
979 1135 1046 1191 et
1085 1126 1310 1191 titulus
1352 1128 1494 1213 ipse
1537 1124 1908 1208 hebraicus,
1956 1122 2185 1211 sepher
2226 1121 2529 1205 tehillim,
2580 1124 2751 1210 quod
2792 1123 3105 1209 interpre-

158 1240 340 1293 tatur
385 1227 682 1293 volumen
725 1227 1098 1313 hymnorum
1115 1280 1132 1307 ,
1179 1228 1572 1315 apostolicae
1617 1228 1979 1293 auctoritati
2024 1246 2413 1311 congruens,
2458 1246 2589 1290 non
2626 1226 2843 1312 plures
2886 1224 3103 1307 libros,

156 1330 284 1396 sed
325 1352 521 1395 unum
564 1329 861 1394 volumen
905 1328 1206 1395 ostendit.
1292 1327 1466 1409 Quia
1505 1330 1700 1415 igitur
1741 1348 1916 1394 nunc
1960 1348 2103 1393 cum
2143 1325 2445 1392 Hebraeo
2490 1327 2875 1413 disputans?
2913 1348 3107 1413 quae-

155 1434 308 1497 dam
351 1454 470 1519 pro
515 1430 770 1497 domino
817 1430 1136 1497 salvatore
1181 1431 1260 1496 de
1296 1430 1564 1517 psalmis
1608 1430 2011 1496 testimonia⁸
2060 1427 2415 1515 protulisti,
2461 1430 2813 1517 volensque
2854 1438 2919 1496 te
2960 1430 3107 1498 illu-

160 1535 322 1599 dere
367 1554 486 1619 per
529 1552 854 1598 sermones
897 1554 1102 1619 paene
1146 1532 1435 1617 singulos
1481 1534 1811 1599 asserebat
1861 1552 1993 1596 non
2037 1530 2127 1593 ita
2167 1528 2391 1595 haberi
2432 1531 2501 1595 in
2542 1530 2873 1615 Hebraeo,
2931 1541 2999 1596 ut
3038 1542 3111 1597 tu

156 1636 242 1701 de
275 1634 692 1721 septuaginta
721 1634 1181 1721 interpretibus
1211 1635 1602 1721 opponebas,
1636 1632 2103 1700 studiosissime
2132 1631 2491 1717 postulasti,
2536 1642 2607 1699 ut
2634 1644 2783 1721 post
2811 1633 3111 1720 Aquilam

166 1746 234 1801 et
281 1735 738 1823 Symmachum
795 1747 861 1801 et
905 1734 1412 1803 Theodotionem
1453 1759 1685 1801 novam
1729 1734 2072 1801 editionem
2112 1732 2311 1799 latino
2356 1756 2647 1800 sermone
2688 1735 3110 1801 transferrem.

161 1839 427 1903 Aiebas
484 1838 652 1903 enim
703 1847 766 1900 te
821 1837 1030 1922 magis
1083 1838 1498 1923 interpretum
1551 1836 1861 1903 varietate
1903 1834 2173 1917 turbari,
2238 1843 2303 1900 et
2354 1858 2627 1901 amorem
2681 1841 2922 1919 tuum,⁴
2986 1858 3111 1924 quo

167 1940 488 2020 laberis,⁵
557 1937 664 2003 vel
705 1937 1120 2005 translatione
1177 1939 1282 2005 vel
1322 1939 1560 2003 iudicio
1605 1961 1746 2004 meo
1800 1958 1946 2002 esse
1990 1940 2410 2001 contentum.⁶
2490 1936 2681 2003 Unde
2720 1939 3032 2024 impulsus
3078 1962 3117 2004 a

167 2050 256 2121 te,
308 2040 452 2105 cui⁷
509 2046 572 2105 et
615 2060 778 2125 quae
808 2060 1072 2124 possum
1116 2040 1318 2106 debeo
1365 2050 1428 2106 et
1471 2062 1632 2127 quae
1675 2060 1808 2105 non
1833 2058 2118 2125 possum,
2162 2058 2413 2103 rursum
2452 2060 2557 2103 me
2586 2040 3109 2105 obtrectatorum⁸

166 2140 558 2206 latratibus⁹
607 2140 862 2221 tradidi,
905 2141 1224 2226 maluique
1255 2150 1318 2206 te
1347 2142 1518 2207 vires
1560 2142 1774 2227 potius
1803 2144 2077 2221 meas,¹⁰
2126 2160 2313 2224 quam
2341 2139 2758 2205 voluntatem¹
2790 2144 2800 2175 ¹
2856 2140 2925 2205 in
2956 2143 3112 2207 ami-

159 2243 426 2307 citiam1
444 2243 471 2284 ²
520 2242 863 2329 requirere.
955 2240 1146 2309 Certe
1190 2244 1584 2309 confidenter
1635 2242 1838 2308 dicam
1898 2251 1961 2306 et
2004 2240 2233 2307 multos
2288 2242 2473 2307 huius
2520 2244 2731 2329 operis
2775 2252 2975 2309 testes
3022 2244 3113 2309 ci-

154 2345 382 2423 tabo,¹
437 2366 542 2409 me
580 2344 742 2409 nihil
786 2343 1098 2409 duntaxat
1141 2346 1492 2410 sententiae
1539 2344 1620 2409 de
1648 2344 1950 2411 hebraica
1992 2344 2261 2409 veritate
2303 2355 2603 2411 mutasse.
2694 2344 2913 2414 Sicubi
2964 2372 3111 2435 ergo

159 2443 376 2508 editio
423 2466 572 2509 mea
612 2466 650 2509 a
691 2445 1016 2510 veteribus
1064 2446 1443 2533 discreparit
1465 2495 1482 2526 ,
1529 2446 1852 2531 interroga
1894 2444 2240 2531 quemlibet
2280 2442 2719 2512 Hebraeorum
2766 2457 2830 2512 et
2870 2448 3113 2535 liquido

153 2544 566 2630 pervidebis,
612 2568 710 2611 me
756 2546 838 2611 ab
871 2547 1170 2612 aemulis²
1221 2547 1455 2612 frustra
1496 2547 1786 2630 lacerari,
1833 2547 1942 2634 qui
1973 2547 2213 2611 malunt
2242 2554 2641 2613 contemnere
2684 2549 2889 2615 videri
2933 2570 3116 2635 prae-

155 2647 352 2711 clara
397 2668 588 2733 quam
631 2648 902 2714 discere.
993 2648 1480 2715 Perversissimi
1525 2648 1871 2714 homines.⁸
1948 2648 2116 2712 Nam
2161 2668 2349 2733 quum
2384 2672 2635 2737 semper
2677 2672 2879 2719 novas
2924 2675 3117 2741 expe·-

151 2758 312 2813 tant
355 2748 728 2834 voluptates
773 2760 838 2815 et
866 2751 1053 2836 gulae
1085 2773 1302 2816 eorum
1344 2749 1563 2814 vicina
1605 2749 1808 2814 maria
1847 2771 1983 2814 non
2012 2750 2388 2831 sufficiant,⁴
2441 2772 2555 2817 cur
2596 2752 2663 2816 in
2694 2753 2831 2819 solo
2864 2756 3109 2821 studio⁵

165 2850 642 2935 scripturarum
685 2853 888 2918 veteri
935 2855 1198 2937 sapore⁶
1251 2851 1534 2916 contenti
1579 2850 1778 2915 sunt?
1861 2849 2002 2916 Nec
2041 2850 2164 2916 hoc
2206 2852 2371 2932 dico,
2418 2874 2543 2938 quo
2587 2856 3118 2939 praedecessores

163 2973 371 3016 meos
419 2952 806 3035 mordeam,⁷
861 2964 971 3018 aut
1013 2953 1385 3039 quicquam⁸
1447 2952 1548 3017 his
1593 2950 1861 3017 arbitrer
1906 2950 2386 3034 detrahendum,
2445 2976 2708 3039 quorum
2756 2960 3119 3025 translatio-

163 3075 334 3117 nem
381 3052 876 3137 diligentissime
922 3055 1326 3119 emendatam
1371 3053 1518 3117 olim
1553 3073 1733 3117 meae
1759 3053 2019 3139 linguae
2044 3051 2409 3119 hominibus
2454 3056 2754 3141 dederim,
2804 3061 2917 3125 sed
2951 3062 3120 3147 quod

159 3154 362 3217 aliud
411 3154 498 3217 sit
539 3154 608 3219 in
653 3156 951 3221 ecclesiis
999 3155 1256 3221 Christo
1302 3153 1692 3219 credentium
1742 3153 2029 3239 psalmos
2073 3155 2305 3240 legere,
2347 3156 2525 3229 aliud
2568 3157 2827 3225 Iudaeis
2872 3162 3122 3247 singula

158 3256 388 3320 verba
455 3256 990 3322 calumniantibus
1037 3258 1441 3344 respondere.
1530 3254 1722 3336 Quod
1765 3256 2138 3339 opusculum
2180 3280 2389 3322 meum
2436 3259 2492 3325 si
2534 3260 2602 3324 in
2646 3260 2994 3343 Graecum,
3055 3274 3123 3327 ut

161 3356 534 3444 polliceris,
581 3358 1018 3423 transtuleris⁹
1071 3370 1135 3424 et
1175 3358 1532 3445 imperitiae
1562 3378 1738 3422 meae
1785 3357 2192 3425 doctissimos
2237 3382 2525 3447 quosque
2576 3362 2743 3428 viros
2787 3372 2985 3429 testes
3030 3365 3122 3429 fa-

163 3479 338 3523 cere
385 3455 686 3538 volueris,
734 3459 940 3523 dicam
985 3460 1102 3526 tibi
1145 3460 1304 3524 illud
1332 3458 1868 3523 Horatianumz¹⁰
1918 3460 1987 3523 in
2034 3461 2257 3525 silvam
2303 3484 2385 3525 ne
2425 3462 2545 3547 ligr
2578 3486 2603 3527 ι
2640 3462 2903 3531 feras.¹¹
2977 3464 3121 3531 Nisi

157 3560 352 3647 quod
403 3558 562 3623 hoc¹
584 3562 608 3602 ²
655 3560 907 3626 habebo
954 3561 1263 3641 solamen,
1325 3561 1382 3625 si
1418 3562 1485 3625 in
1526 3561 1745 3627 labore
1789 3563 2105 3627 communi
2148 3563 2513 3648 intellegam
2556 3565 2715 3629 mihi
2768 3576 2835 3630 et
2874 3564 3124 3630 laudem

160 3676 240 3727 et
293 3660 832 3748 vituperationem
872 3672 1082 3779 tecum
1125 3684 1273 3727 esse
1317 3683 1728 3727 communem.
1790 3661 1975 3732 Vale.

879 3930 1514 4000 Commentarius
1557 3933 1638 3996 in
1681 3932 2061 4019 psalmum
2106 3934 2445 4021 primum.

363 4066 653 4130 Primum
694 4066 1004 4152 psalmum
1051 4068 1302 4153 quidam
1348 4066 1416 4131 in
1460 4066 1610 4132 Ioas
1651 4090 1867 4153 regem
1915 4070 2147 4135 dictum
2196 4093 2337 4135 esse
2384 4071 2739 4153 voluerunt,
2790 4075 2895 4160 qui
2938 4097 2977 4139 a
3019 4075 3125 4141 Io-

155 4170 340 4235 iada
399 4166 692 4253 principe
751 4170 1152 4235 sacerdotum
1211 4180 1275 4233 et
1327 4170 1602 4234 nutritus
1661 4182 1762 4235 est
1817 4180 1882 4235 et
1934 4173 2269 4237 interfecta
2319 4172 2612 4238 Athalia¹
2682 4175 2747 4238 in
2794 4176 3125 4262 imperium

327 4456 444 4521 (m.
479 4458 558 4520 2⁴)
637 4464 652 4506 1
697 4455 750 4507 ,ιζ
784 4454 911 4509 mad
935 4456 1156 4520 forcenn
1190 4454 1346 4508 libuir
1379 4455 1514 4507 nack
1547 4472 1725 4525 moyen
1757 4456 1938 4511 imbetla
1974 4474 2118 4513 aoroen
2150 4458 2291 4513 indib

328 4532 362 4579 2
403 4524 810 4593 mesmiyser
867 4524 1228 4579 rassinnebn'de
1297 4532 1326 4575 3
1365 4524 1416 4578 ,ιζ
1454 4524 1796 4579 immidat'rcet
1828 4527 2061 4581 dccliv-ast

323 4600 362 4647 4
404 4592 458 4645 ,ιζ
493 4592 770 4661 isfuasnad
837 4594 1222 4647 ιιεπιωιηιαὶπεὶιι
1257 4593 1443 4645 mahtai
1475 4592 1810 4648 koervnat'ssiu
1827 4598 2024 4665 firinne
2058 4596 2429 4651 trimreclurad
2456 4598 2814 4653 natintathach
2884 4606 2914 4653 5
2938 4600 3130 4655 Ιιοειιὼ-

149 4666 324 4721 lider
399 4666 434 4713 6
470 4660 682 4714 buideeh
753 4666 781 4713 7
821 4663 870 4717 ,ιζ
907 4664 1147 4716 ιἐωηιεειι

327 4738 362 4784 8
401 4729 458 4783 ,ιζ
491 4728 989 4799 ιἰιηωιέσιιάαἰρεηᾱε
1057 4737 1088 4785 9
1127 4730 1314 4784 άοιιαίὁ
1349 4729 1638 4783 artrama-ib
1711 4736 1776 4783 10
1811 4732 1865 4785 .ι“.
1901 4732 2083 4786 denum
2117 4734 2320 4787 tenenda
2354 4736 2784 4804 innafirinnefile
2805 4736 3132 4792 {sindebraen

147 4800 462 4859 iainlaiten·
537 4805 595 4851 11
637 4800 689 4851 ,ιζ
727 4798 816 4851 eid
847 4800 928 4851 οἷο
963 4800 1288 4853 lamnaimtea
1362 4805 1422 4851 12
1463 4800 1512 4853 .ι“.
1549 4798 1604 4850 lai
1637 4798 1914 4854 oedomenri

329 4872 438 4933 (3⁸)
513 4874 540 4921 1
581 4868 633 4921 .i.
669 4866 964 4949 domui-{far
1035 4876 1063 4921 ’2
1104 4869 1154 4922 .ι“.
1190 4866 1373 4921 homil}
1409 4866 1657 4919 ascadaib
1694 4868 1744 4921 ,ιζ
1782 4868 1846 4921 ab
1883 4870 2101 4924 inimicis
2172 4876 2204 4925 3
2240 4872 2288 4926 ,ιζ
2316 4871 2505 4937 ι’,ἰᾱοίηί
2522 4870 2762 4925 saibihem
2786 4872 3001 4945 doyniat
3022 4876 3132 4929 imo

327 4944 368 4992 4
402 4937 458 4992 .ι“.
491 4935 725 4989 εσοὴιῑιπα
757 4938 1012 5007 smpmri
1041 4954 1190 4989 mora
1222 4936 1316 4989 εόη
1349 4933 1482 4989 uitat
1517 4936 1635 4989 lora
1668 4936 1776 4989 aidi
1808 4938 1889 4991 leu
1960 4945 1990 4993 5
2027 4941 2079 4992 ,ιζ
2117 4938 2348 4993 dorimai
2377 4942 2569 5011 septim
2637 4946 2668 4995 6
2707 4942 2757 4996 .ι“.
2796 4942 2996 4997 tintuda
3020 4961 3133 5015 sep-

143 5013 282 5065 tien
366 5012 398 5057 7
441 5006 492 5057 .ι“.
529 5004 824 5073 eqfotlaeasa
893 5011 922 5058 8
962 5008 1012 5059 ,ιζ
1047 5006 1104 5057 πί

329 5079 366 5129 9
405 5073 462 5126 ,ιζ
499 5073 636 5125 olma
669 5073 956 5127 dubitamini
1046 5082 1110 5127 10
1145 5071 1518 5127 anoratae'oendae
1552 5072 1688 5125 πίειῑη
1773 5081 1826 5127 11
1872 5075 1922 5127 .ι“.
1958 5074 2015 5127 m'
2047 5086 2193 5131 recat
2260 5077 2365 5130 reio
2400 5078 2469 5130 les
2508 5078 2710 5131 timuda
2745 5078 2863 5132 doib
2900 5079 2950 5133 .ι“.
2990 5082 3135 5133 aira-

145 5152 300 5203 ταοὶ
343 5140 619 5197 miranda·
652 5142 732 5195 len
769 5158 884 5195 cene
956 5148 1016 5194 12
1055 5146 1104 5196 .i.
1142 5140 1554 5195 eimidrubartsa
1589 5140 1934 5196 mdtintaest’u-
1971 5146 2157 5199 allatin
2192 5164 2211 5198 ι
2228 5146 2463 5217 oyreyaib

326 5212 446 5277 (m.
485 5214 592 5274 14⁸)
664 5217 688 5262 1
729 5211 781 5267 .ι“.
817 5211 1126 5265 iomar-dbia
1159 5213 1286 5264 iana
1321 5208 1662 5278 banflathasin

2635 5318 2737 5371 66·
