3717 5642
1329 361 1730 410 rnoonnmn
1775 364 2109 414 nori-oms.
2960 349 3190 419 XLIII

265 527 569 608 Norris,
616 527 756 594 Sec.
801 528 880 594 R.
905 529 987 594 A.
1019 528 1086 598 S.
1153 529 1400 596 Oxford
1427 529 1907 599 MDCCCLIX
1950 533 2147 619 (on),
2194 535 2374 600 cuius
2419 535 2567 603 libri
2600 539 2727 604 vol.
2758 539 2807 604 I.
2858 540 3187 606 continen—

267 645 360 702 tur
389 635 700 702 Ordinale
745 637 825 703 de
870 639 1114 726 origine
1156 641 1372 707 mundi
1416 639 1561 726 (Ο.)
1605 654 1670 708 et
1710 642 1942 710 Passio
1988 644 2225 710 domini
2269 645 2471 712 nostri
2515 646 2710 714 Ihesu
2744 647 2985 716 Christi
3020 649 3186 734 (D.),

273 746 330 810 in
373 745 520 812 Vol.
565 747 654 812 II.
701 747 1008 817 Ordinale
1053 751 1132 818 de
1173 751 1620 818 resurrexione
1661 751 1919 818 Domini
1964 753 2165 818 nostri
2210 753 2405 821 Ihesu
2434 754 2679 823 Christi
2726 759 2891 843 (R.).
2921 795 3005 808 -—
3050 761 3109 824 N
3112 783 3187 826 ec

263 856 532 941 neglexi,
578 879 740 944 quae
769 861 852 926 ad
880 861 1468 948 interpretationem
1495 864 1834 930 earundem
1881 863 1985 929 vel
2015 861 2424 930 Vocabularii
2472 867 2711 934 cornici
2756 869 3029 936 afferunt
3057 884 3189 936 tam

263 966 420 1032 idem
461 966 630 1033 liber
669 991 862 1054 quam

415 1075 777 1146 Lexicon
831 1079 1754 1148 Cornu-Britannicum:
1841 1103 1881 1146 a
1922 1079 2301 1166 Dictionary
2358 1083 2429 1150 of
2472 1083 2579 1152 the
2627 1087 2884 1154 ancient
2934 1085 3185 1154 Celtish

263 1186 604 1273 Language
648 1188 720 1255 of
756 1187 1077 1258 Cornwall
1121 1227 1198 1238 --
1245 1192 1332 1278 by
1374 1192 1479 1257 the
1523 1189 1684 1257 Rev.
1727 1189 2029 1258 Robert
2071 1189 2499 1276 Williams,
2544 1193 2635 1260 Μ.
2666 1196 2749 1261 Α.
2779 1196 3185 1284 Llandovery

263 1297 590 1383 (London)
629 1297 1150 1368 MDOOCLXV.

415 1407 502 1472 In
530 1409 868 1476 cambricis
909 1419 1166 1495 praeter
1194 1409 1478 1478 Stokesii
1521 1409 1867 1477 editionem
1907 1410 2265 1496 glossarum
2308 1421 2597 1478 veterum
2638 1421 2705 1480 et
2730 1437 3033 1482 versuum
3076 1437 3185 1482 co-

265 1517 414 1582 dicis
461 1515 1018 1604 Cantabrigiensis
1077 1517 1292 1604 (On),
1351 1543 1538 1606 quam
1593 1541 1788 1606 supra
1835 1521 2357 1602 memoravimus,
2427 1531 2621 1607 atque
2672 1525 3182 1610 recognitionem

266 1628 616 1710 glossarum
659 1627 813 1708 Ox„
882 1630 1114 1714 quibus
1167 1631 1334 1696 idem
1389 1629 1636 1696 addidit
1673 1651 1913 1714 paucas
1967 1629 2217 1715 glossas
2274 1630 2667 1697 recentiores
2728 1653 2763 1698 e
2824 1633 2963 1700 cod.
3010 1633 3179 1702 Cott.

266 1737 448 1824 Vesp.
497 1741 583 1804 A.
617 1737 790 1805 XIV.
823 1737 1022 1822 (Mus.
1055 1739 1246 1825 Brit.)
1277 1740 1360 1806 fo.
1397 1743 1542 1805 lla.
1577 1739 1802 1824 (Beitr.
1836 1738 1951 1805 IV.
1985 1738 2350 1822 385—423),
2396 1739 2729 1806 admodum
2770 1765 2873 1809 me
2900 1744 3181 1810 adiutum

263 1870 396 1913 esse
451 1849 670 1914 animo
713 1849 1076 1933 gratissimo
1133 1853 1436 1936 profiteor
1485 1859 1612 1916 tam
1655 1849 2157 1917 correctionibus
2214 1859 2278 1914 et
2332 1847 2846 1918 adnotationibus
2898 1875 3042 1920 cum
3101 1855 3181 1920 de

265 1958 396 2023 aliis
441 1959 799 2042 erroribus,
855 1971 992 2026 tum
1037 1962 1116 2028 de
1159 1962 1274 2044 iis,
1320 1963 1388 2026 in
1431 1983 1592 2048 quos
1637 1959 1867 2028 Oweni
1910 1959 2284 2026 commentis
2340 1959 2645 2046 deceptus
2688 1958 2917 2027 incidit
2954 1963 3179 2049 Zeuss,

261 2091 410 2153 quas
451 2069 614 2136 mihi
653 2071 1088 2156 suppeditavit
1127 2070 1210 2136 D.
1257 2070 1450 2138 Silv.
1493 2069 1777 2152 Evans,
1823 2068 2100 2137 Camber
2142 2070 2243 2134 vir
2284 2069 2712 2152 doctissimus,
2758 2073 2941 2140 cuius
2986 2098 3184 2162 opera

257 2179 513 2246 tandem
557 2180 902 2266 aliquando
945 2181 1200 2248 lexicon
1243 2181 1498 2268 linguae
1541 2180 1899 2247 cambricae
1942 2179 2179 2246 editum
2218 2178 2299 2242 iri
2330 2199 2661 2264 speramus
2704 2189 2771 2246 et
2795 2181 3179 2271 locupletius

261 2301 322 2354 et
377 2289 508 2354 fide
561 2291 854 2374 dignum,
921 2313 1110 2376 quam
1159 2291 1444 2358 eiusdem
1493 2290 1707 2358 libello
1764 2291 1844 2356 de
1896 2287 2358 2374 orthographia
2412 2287 2859 2376 (Llytkyraeth
2895 2317 2977 2378 ,Ψ
3016 2297 3181 2364 {aetla

263 2395 566 2486 Gyan-aeq
605 2421 736 2486 qun
773 2400 858 2464 D.
905 2397 1024 2466 Sil
1035 2423 1070 2464 v
1085 2425 1180 2466 an
1231 2399 1494 2466 Evam.
1586 2399 2035 2486 Caerfyrddt'n:
2102 2397 2186 2462 W.
2238 2395 2547 2484 Spurrell.
2616 2398 3169 2488 MDGGCLXI.)‚

261 2523 322 2574 et
365 2510 470 2596 Sp
485 2511 772 2577 urrelli
820 2510 1059 2592 lexico,
1127 2533 1289 2599 quos
1343 2512 1540 2578 duces
1597 2519 1853 2578 secutus
1912 2529 2049 2574 sum
2106 2508 2173 2572 in
2227 2507 2573 2575 hodiernae
2628 2511 3000 2598 scriptionis
3044 2515 3178 2582 dis·

258 2622 602 2707 crepantia.
641 2655 646 2660 ·

421 2732 502 2797 In
545 2733 747 2798 altera
787 2741 968 2818 parte
1011 2732 1227 2819 operis
1269 2754 1478 2819 pauca
1519 2731 1754 2798 addere
1795 2729 2121 2818 potuimus
2175 2753 2212 2796 e
2274 2729 2653 2797 collectione
2708 2743 2991 2800 veterum
3042 2757 3179 2802 car-

257 2842 518 2924 minum,
565 2865 730 2928 qnae
772 2843 1182 2909 inscribitur:

419 2951 580 3018 The
633 2952 844 3019 Four
897 2954 1228 3018 ancient
1266 2951 1534 3018 Books
1577 2951 1663 3017 of
1693 2950 1984 3032 wales,
2052 2949 2424 3034 containing
2474 2949 2581 3018 the
2638 2950 2899 3040 Cymric
2952 2955 3179 3022 Poems

257 3063 596 3128 attributed
639 3073 706 3127 to
747 3061 858 3129 the
900 3063 1106 3128 Barda
1150 3062 1222 3128 of
1257 3061 1364 3128 the
1407 3059 1593 3128 Sixth
1639 3061 1934 3146 century,
1981 3060 2068 3146 by
2114 3059 2467 3127 William
2510 3058 2585 3126 F.
2619 3061 2900 3130 Skene.
2972 3064 3178 3131 Edin-

255 3155 456 3256 burgh
487 3173 664 3238 1868.
729 3172 810 3238 In
841 3174 980 3239 eius
1012 3173 1159 3240 libri
1186 3171 1508 3238 volumine
1541 3173 1740 3238 altero
1771 3171 2197 3252 inveniuntur,
2230 3193 2393 3256 quae
2424 3172 2720 3258 exempla
2747 3176 3177 3260 praebuerunt

253 3281 507 3347 codex
547 3284 774 3369 niger
817 3281 1484 3350 Caermartheniorum
1527 3279 1764 3366 (GN),
1809 3281 2019 3347 liber
2058 3280 2447 3346 Aneurini
2493 3281 2714 3365 (An.),
2784 3283 2990 3351 liber
3034 3285 3178 3352 Ta-

254 3389 570 3456 liessini
600 3390 828 3477 (Tar),
877 3415 954 3459 ac
981 3415 1148 3480 quae
1191 3392 1476 3458 carmina
1503 3391 1907 3458 continentur
1946 3390 2017 3455 in
2047 3389 2279 3456 codic
2302 3412 2337 3456 e
2368 3391 2593 3458 rubro
2623 3389 3174 3479 Hergestensi.

414 3500 522 3567 Ex
567 3502 1062 3569 aremoricarum
1105 3503 1450 3568 litterarum
1495 3500 1784 3586 reliquiis
1827 3499 2020 3585 paulo
2064 3497 2521 3566 vetustioribus
2534 3549 2553 3582 ,
2610 3523 2770 3586 quas
2812 3503 3175 3571 reconditas

256 3610 466 3676 adhuc
505 3610 718 3678 iacere
763 3613 1047 3679 dolemus
1089 3612 1158 3678 in
1202 3611 1610 3678 bibliothecis
1653 3610 1990 3697 gallicanis
2008 3660 2025 3691 ,
2070 3610 2445 3696 praesertim
2486 3609 2873 3696 Parisiensi,
2917 3611 3177 3679 tandem

252 3720 480 3804 viginti
540 3721 676 3787 fere
747 3723 932 3789 annis
989 3731 1137 3808 post
1187 3721 1348 3788 illud
1403 3742 1690 3803 carmen,
1759 3719 1930 3806 quod
1984 3719 2193 3787 solum
2262 3729 2452 3786 antea
2504 3720 2867 3788 innotuerat
2930 3719 3173 3808 (Bm),

257 3829 425 3896 edita
470 3841 648 3896 sunt:

415 3939 524 4006 Le
569 3938 843 4006 G'rrand
885 3941 1232 4029 Mystere
1277 3941 1366 4007 de
1408 3941 1676 4021 Jews,
1734 3941 1999 4025 passion
2057 3949 2122 4005 et
2172 3939 2627 4022 resurrection,
2692 3940 2906 4008 drame
2948 3942 3175 4009 breton

259 4047 334 4113 du
379 4071 614 4135 moyen
659 4071 800 4136 age,
847 4073 1006 4117 avec
1049 4075 1172 4118 une
1217 4051 1404 4117 etude
1449 4073 1558 4116 sur
1599 4050 1660 4115 le
1689 4051 1937 4116 theatre
1980 4049 2138 4116 chez
2180 4049 2278 4114 les
2322 4049 2577 4116 nations
2620 4050 2931 4138 celtiques
2972 4075 3091 4138 par
3114 4052 3179 4118 le

259 4159 522 4224 vicomte
567 4157 922 4226 Hersart
965 4161 1054 4226 de
1099 4162 1176 4226 la
1218 4159 1797 4246 Villemarque,
1855 4159 2135 4224 membre
2178 4158 2259 4224 de
2300 4157 2624 4226 l'Institut.
2708 4160 2925 4241 Paris,
2996 4162 3175 4228 1865.

261 4266 482 4352 (MJ.);
529 4291 630 4350 ac,
677 4291 818 4334 cum
863 4270 1007 4336 libri
1052 4272 1240 4357 primi
1282 4271 1781 4356 recognitionem
1823 4279 2067 4334 tantum
2110 4291 2239 4334 non
2285 4269 2723 4352 absolvissem,

421 4377 526 4444 Le
575 4377 1052 4446 catholicon
1099 4380 1178 4445 de
1207 4380 1409 4447 Iehan
1437 4379 1800 4465 Lagadeuc,
1847 4378 2269 4444 dictionnaire
2302 4379 2542 4460 breton,
2587 4379 2864 4462 franceis
2908 4390 2974 4445 et
2997 4379 3174 4464 latin,

257 4489 466 4572 public
522 4511 640 4576 par
697 4487 774 4553 R.
817 4487 891 4554 F.
938 4489 1012 4556 le
1053 4488 1229 4555 Men
1289 4490 1544 4576 d’apres
1597 4487 1885 4554 l'edition
1938 4488 2019 4555 de
2060 4488 2158 4556 Μ.
2202 4487 2453 4554 Auffret
2492 4488 2573 4554 de
2616 4487 3175 4576 Quoetqueueran,

259 4598 542 4684 imprime
613 4601 652 4663 a
695 4597 1002 4686 Treguier
1055 4600 1210 4667 chez
1253 4600 1460 4666 Iehan
1507 4597 1748 4666 Caluez
1807 4620 1891 4663 en
1942 4595 2539 4665 M.GCCC.XGIX.
2592 4598 2874 4665 Lorient.
2934 4598 3176 4683 (Saint-

259 4705 496 4775 Brieuc.
539 4707 900 4796 Quimper).
945 4747 1028 4758 -
1082 4709 1230 4792 Quo
1271 4709 1436 4777 libro
1489 4707 1996 4796 locupletissimo
2048 4707 2247 4792 (sign.
2279 4707 2502 4793 Cath.)
2557 4709 2728 4794 quod
2780 4731 2881 4776 me
2932 4709 3179 4775 adiuvit

261 4819 512 4886 editoris
554 4820 936 4902 liberalitas,
997 4821 1120 4886 hoc
1161 4821 1464 4886 maiorem
1505 4821 1644 4885 viro
1689 4817 2059 4885 doctissimo
2102 4817 2298 4884 habui
2346 4818 2635 4904 gratiam,
2698 4818 2866 4906 quod
2916 4819 3175 4906 linguae

265 4927 600 4996 hodiernae
640 4931 896 4995 lexicon
939 4931 1198 5017 assequi
1239 4951 1368 4995 non
1407 4939 1767 5017 potueram3
1829 4929 2235 5014 quamobrem
2288 4928 2658 4994 necessario
2712 4941 2973 4995 coactus
3016 4931 3173 4996 satis

267 5039 598 5106 habueram
639 5042 760 5124 iis,
817 5063 979 5128 quae
1037 5063 1117 5106 ex
1171 5039 1563 5126 Legonideci
1617 5053 1682 5104 et
1721 5039 2097 5105 Dumoulini
2152 5038 2583 5126 grammaticis
2625 5040 3170 5126 transcripseram,

265 5150 602 5234 addidisse,
647 5172 812 5238 quae
865 5173 902 5218 e
943 5150 1218 5217 Manorii
1261 5151 1676 5237 grammatica
1719 5159 1784 5216 et
1823 5149 2033 5215 lexico
2092 5149 2260 5235 apud
2305 5148 2667 5235 Lhuydium
2712 5150 2940 5234 (Arch.
2985 5149 3165 5235 brit.)
