3717 5642
889 345 1016 416 ΠΙ.
1059 349 1121 418 2.
1187 365 1390 416 vnum
1429 367 1610 416 sarr.
1653 367 1912 416 passm
1952 366 2155 416 Tzur.
2202 367 2485 418 secono.
2680 355 2819 416 (⁵26·
2846 357 2967 418 52⁷)
3030 353 3157 418 533

1219 617 1606 708 Tempora
1651 622 2151 688 secundaria.

397 753 820 822 concordant
861 754 1177 825 cambrice
1222 765 1288 822 et
1315 755 1660 822 aremorice
1705 756 1846 840 (vix
1892 759 2077 824 aliter
2118 756 2408 843 cornice)
2453 758 2619 824 sieut
2647 756 2973 826 hibernice
3015 782 3156 826 cum

247 853 445 922 formis
489 856 814 944 participii
857 857 1182 946 praeteriti
1197 909 1213 942 ,
1273 858 1494 946 quales
1549 858 1803 945 quidem
1845 868 2263 947 procrearunt
2304 859 2561 924 dialecti
2607 861 2866 926 comica
2908 871 2974 927 et
3017 885 3157 928 are-

243 977 480 1026 norica.

1199 1125 1593 1196 Praesens
1636 1127 1754 1214 (et
1790 1127 2199 1212 futurum).

395 1242 654 1312 Gambr.
697 1243 788 1310 ῙΤ
843 1245 1003 1332 (hib.
1045 1255 1172 1314 vet.
1218 1247 1392 1329 -ithe,
1440 1248 1584 1328 -tlw,
1629 1269 1692 1334 p.
1737 1247 1914 1332 480).
2014 1245 2182 1312 Ind.:
2252 1267 2329 1310 ar
2368 1247 2639 1332 mackwy
2692 1259 2827 1312 mut
2875 1271 2919 1332 y
2957 1249 3162 1334 yelwit

237 1346 490 1427 per-edm·
511 1370 644 1432 yna
685 1347 784 1432 (et
809 1369 968 1434 puer
993 1357 1206 1414 mutus
1236 1349 1586 1416 vocabatur
1627 1347 1702 1414 P.
1733 1349 1915 1433 tunc)
1957 1346 2130 1415 Mab.
2172 1351 2223 1428 l,
2254 1345 2397 1412 268.
2461 1371 2591 1432 pan
2634 1345 2835 1432 ty‘rmit
2870 1371 2916 1434 y
2958 1350 3171 1434 cledyf

241 1467 296 1508 oe
327 1448 503 1511 wein.
549 1445 663 1510 nal
701 1449 840 1534 dwy
869 1449 1062 1534 fflam
1105 1471 1140 1514 o
1183 1461 1292 1514 tan
1333 1449 1535 1514 awelit
1590 1448 1766 1534 (cum
1805 1447 2173 1514 trahebatur
2216 1447 2467 1534 gladius
2524 1471 2560 1515 e
2602 1450 2837 1534 vagina
2881 1471 3032 1529 sua,
3092 1459 3161 1515 ut

241 1545 388 1611 duae
448 1547 740 1616 flammae
792 1549 962 1635 ignis
1015 1551 1464 1637 cernebantur)
1521 1551 1580 1632 2,
1627 1551 1772 1617 381.
1851 1549 2207 1634 aphalmwt
2260 1553 2502 1615 αιτοωὼ
2548 1574 2592 1636 y
2646 1551 2779 1614 llew
2956 1553 3068 1614 nal
3115 1575 3160 1636 y

236 1648 425 1732 qwelit
467 1671 514 1732 y
565 1649 692 1714 hon
743 1673 1030 1739 amysqar
1085 1652 1182 1737 (et
1223 1675 1436 1740 ungue
1485 1651 1658 1719 feriit
1696 1651 1818 1733 leo,
1854 1699 1871 1716 .
1896 1699 1913 1716 .
1939 1700 1956 1715 .
1998 1657 2071 1716 ut
2110 1650 2475 1717 viderentur
2516 1652 2731 1718 omnia
2786 1651 2925 1718 eius
2970 1652 3149 1736 sxta)

245 1752 289 1828 1,
317 1750 420 1816 34.
526 1749 744 1820 Geni:
808 1755 1113 1840 ymdidan
1154 1765 1466 1841 aoruqant
1519 1774 1626 1816 am
1667 1752 1824 1817 herm
1874 1773 1920 1837 y
1960 1772 2127 1816 cam
2180 1773 2225 1836 y
2268 1751 2401 1837 ὄιος]
2452 1775 2497 1836 y
2550 1754 2717 1816 rodit
2773 1751 3159 1836 (deliberare

239 1861 580 1942 coeperunt
635 1854 715 1922 de
759 1855 968 1942 capite
1012 1855 1186 1922 cervi
1243 1854 1348 1920 cui
1391 1852 1714 1938 daretur),
1771 1857 1939 1919 iawn
1990 1855 2297 1938 ymedreis
2344 1856 2376 1918 i
2426 1877 2529 1920 am
2574 1855 2727 1918 bem·
2774 1876 2819 1940 y
2859 1876 3023 1918 oarw
3073 1877 3161 1919 na

237 1957 392 2020 rodit
429 1978 478 2042 y
519 1957 634 2022 neb
671 1979 801 2043 yny
844 1957 1005 2022 delei
1032 1957 1224 2021 ereint
1265 1954 1466 2040 (iuste
1494 1955 1802 2044 proposui
1844 1977 1967 2042 ego
2010 1955 2092 2022 de
2123 1956 2333 2042 capite
2379 1956 2573 2038 cervi,
2615 1977 2701 2022 ne
2730 1956 2987 2023 duretur
3029 1954 3161 2023 cui-

237 2077 412 2142 quam
459 2057 668 2126 donec
704 2058 960 2125 veniret
999 2055 1381 2142 Gerontius)
1413 2057 1473 2138 2,
1505 2059 1608 2122 22.
1640 2057 1744 2122 28.
1829 2055 2070 2124 Cond.:
2108 2061 2221 2142 pei
2259 2059 2429 2122 uadit
2466 2081 2511 2142 y
2548 2057 2713 2144 prfff
2744 2080 2827 2144 ny
2855 2058 3163 2142 ckaffwnn

233 2161 258 2222 i
292 2183 326 2224 ο
359 2161 494 2246 ρὶοε
533 2183 668 2246 va
719 2183 833 2226 noc
882 2183 972 2226 un
1013 2159 1340 2225 ohonawch
1394 2159 1686 2224 clunicken
1739 2158 1830 2244 (si
1875 2157 2271 2226 occideretur
2325 2183 2619 2248 serpens,
2676 2181 2811 2226 non
2860 2159 3163 2226 haberem

237 2284 344 2348 ego
387 2261 538 2349 plus
582 2263 826 2349 gloriae
868 2284 1062 2349 quam
1103 2282 1270 2327 unus
1313 2283 1349 2326 e
1393 2260 1613 2346 vobis)
1657 2259 1832 2328 Mab.
1870 2264 1923 2343 1,
1958 2261 2103 2327 278.
2172 2284 2258 2348 ny
2300 2261 2425 2328 ellit
2468 2264 2651 2348 dwyn
2695 2261 2854 2348 bwyt
2890 2285 2973 2348 φ·
3012 2263 3165 2326 εαωῑ

241 2364 450 2428 cilioed
484 2367 678 2452 yseyd
711 2388 878 2452 ιψηα.
945 2388 1020 2430 ac
1063 2385 1098 2428 ο
1137 2363 1380 2428 acham
1419 2363 1631 2448 hynny
1669 2383 1714 2448 y
1754 2385 1894 2428 mae
1944 2385 1989 2448 y
2029 2364 2182 2430 sawl
2222 2365 2459 2430 velineu
2510 2365 2679 2450 hymn
2735 2365 2897 2449 (non
2940 2373 3163 2450 posset

237 2467 440 2550 parari
484 2467 670 2534 cibus
711 2467 926 2533 multis
969 2466 1256 2547 milibus,
1313 2487 1476 2552 quae
1531 2465 1766 2530 adsunt
1819 2463 1958 2548 hic,
2018 2475 2082 2531 et
2120 2465 2242 2532 hac
2296 2467 2377 2534 de
2420 2469 2620 2534 causa
2675 2474 2777 2532 est
2826 2466 3161 2532 multitudo

241 2567 388 2636 haec
431 2569 842 2654 molinarum)
893 2572 947 2650 1,
979 2570 1124 2634 279.

395 2672 547 2739 Non
577 2673 786 2740 differt
811 2673 1016 2739 forma
1056 2671 1116 2737 3.
1147 2691 1316 2757 pers.
1347 2669 1548 2756 plur.:
1594 2669 1812 2754 oedynt
1839 2667 2180 2756 kynwlypet
2222 2671 2605 2756 achyttynm’t
2640 2691 2713 2735 or
2740 2691 2907 2735 anon
2950 2669 3164 2754 (erant

239 2793 428 2858 aeque
458 2774 716 2856 madidi,
749 2775 884 2844 acsi
911 2773 1312 2840 traherentur
1335 2795 1371 2838 e
1393 2771 1617 2856 fluvio)
1628 2771 1802 2838 Mab.
1819 2772 1880 2854 2,
1899 2773 2043 2836 379.
2090 2771 2361 2840 Ceterae
2384 2795 2699 2859 personae
2722 2773 3162 2857 significantur

241 2873 714 2958 pronominibus
743 2876 992 2943 infixis:
1037 2879 1142 2960 ees
1159 2875 1399 2944 aohawe
1436 2874 1744 2960 ymyelwit
1763 2895 1822 2958 Ντ]
1851 2875 1939 2936 du
1968 2875 2242 2940 trahawc
2269 2876 2643 2962 (propterea
2671 2876 2945 2942 vocabar
2972 2873 3159 2959 niger

239 2978 608 3064 oppressor)
651 2977 826 3046 Mab.
864 2981 919 3062 1,
953 2980 1096 3045 271.
1145 2979 1258 3064 pei
1296 2976 1402 3042 ath
1445 2977 1594 3042 ledit
1636 2978 1687 3038 ti
1720 2997 1844 3060 yno
1886 2987 1997 3062 nyt
2038 2978 2151 3042 oed
2188 2977 2267 3042 itt
2306 2978 2415 3042 ath
2460 2979 2668 3042 wroelei
2704 3000 2793 3064 yn
2830 2973 2965 3061 ὤμω
3008 2977 3160 3040 dra-

237 3081 462 3166 ckeuyn
503 3079 594 3165 (si
637 3089 708 3146 tu
749 3081 1134 3150 occidereris
1175 3079 1286 3162 ibi,
1331 3101 1461 3143 non
1505 3085 1682 3142 esset
1720 3076 1840 3142 tibi
1887 3079 1995 3162 qui
2038 3089 2103 3145 te
2130 3101 2351 3146 rursus
2382 3079 2595 3145 vivum
2624 3079 2891 3163 faceret)
2926 3082 2981 3160 l,
3014 3079 3161 3142 273.

395 3180 597 3250 Corn.
641 3180 784 3250 YS:
841 3183 992 3248 ellae
1027 3205 1163 3269 pan
1205 3180 1452 3268 thybtye
1493 3203 1578 3242 an
1623 3189 1750 3242 tam
1794 3178 2006 3263 (eheu,
2053 3181 2310 3266 quando
2354 3182 2665 3248 edebatur
2706 3179 2861 3264 offa)
2906 3178 2985 3246 Ο.
3017 3181 3161 3246 762.

393 3285 618 3350 Arem.
661 3282 800 3350 ΕΤ.
885 3281 1229 3350 Indicativi
1283 3303 1428 3346 rara
1469 3279 1812 3366 exemplaz.
1857 3303 1921 3344 ez
1976 3281 2219 3348 ealudet
2276 3283 2729 3369 (salutabatur)
2786 3281 2921 3348 MJ.
2968 3283 3087 3345 115
3103 3303 3159 3346 a.

235 3407 302 3448 ne
337 3385 536 3472 yallet
589 3396 733 3470 quet
769 3396 982 3470 nepret
1034 3407 1140 3450 ma
1181 3383 1466 3468 remedg'ff
1514 3383 1674 3467 (non
1718 3391 2005 3466 poteram
2058 3405 2332 3469 unquam
2376 3384 2618 3470 sanari)
2671 3383 2835 3450 Buh.
2884 3384 3024 3465 118,
3061 3384 3157 3448 17.

235 3483 696 3571 Frequentiora
735 3484 1126 3554 coniunctivi
1171 3495 1236 3550 et
1263 3483 1724 3551 condicionalis
1768 3485 1873 3550 vel
1912 3483 2309 3571 potentialis:
2354 3507 2505 3550 vom·
2544 3509 2649 3552 ma
2678 3506 2835 3550 aem·
2875 3509 2961 3549 na
2988 3507 3162 3548 mur-

233 3599 426 3650 muret
469 3611 512 3648 a
557 3589 707 3672 dref
740 3610 806 3654 ez
846 3587 1046 3672 chimy
1087 3585 1244 3671 (leg.
1273 3585 1532 3669 okimiff3
1580 3584 1660 3650 de
1705 3593 1877 3652 sorte
1918 3607 2064 3652 mea
2102 3608 2187 3651 ne
2228 3595 2681 3670 murmuretur,
2728 3610 2769 3653 a
2806 3597 2986 3672 tergo
3030 3609 3163 3652 ma-

233 3685 428 3770 nebo)
471 3685 639 3754 Buh.
683 3690 786 3770 54,
817 3689 856 3752 9
888 3709 982 3774 sq.
1048 3699 1142 3752 ret
1183 3707 1248 3751 eo
1279 3707 1404 3772 pep
1451 3697 1518 3752 tu
1561 3708 1624 3750 ez
1669 3685 1967 3750 coadulta
2005 3687 2123 3752 Ιιαο
2165 3709 2229 3750 ez
2270 3699 2551 3772 maoquet
2592 3689 2895 3773 (necesse
2940 3698 3042 3754 est
3082 3689 3164 3754 ab

235 3789 398 3854 omni
445 3797 628 3874 parte
670 3789 976 3856 educetur
1018 3799 1084 3856 et
1120 3786 1463 3871 nutriatur)
1510 3779 1760 3870 108,14
1785 3808 1881 3873 sq.
1952 3809 2027 3850 ne
2067 3788 2249 3872 caffet
2288 3799 2427 3873 quet
2469 3791 2636 3875 quell
2677 3790 2959 3876 equedoff
2996 3788 3161 3874 (non

237 3890 596 3956 inveniatur
635 3889 858 3956 melior
901 3912 1088 3975 quam
1131 3889 1282 3976 ego)
1327 3890 1428 3970 84,
1459 3890 1520 3953 4.
1585 3910 1692 3952 ma
1733 3887 1913 3972 caffet
1954 3889 2113 3951 dour
2158 3889 2245 3974 (si
2274 3890 2635 3955 inveniatur
2679 3891 2875 3978 aqua)
2925 3892 3067 3970 100,
3101 3893 3159 3955 9.

237 3991 584 4076 ancaezrus
598 4015 728 4056 mm
771 3991 924 4077 (leg.
955 3993 1083 4056 Ιιαη
1097 3992 1158 4078 Ρ)
1201 3992 1384 4074 netas
1413 3990 1594 4074 caffet
1634 3987 2130 4075 (pulcherrimus
2175 3998 2240 4054 et
2266 3990 2689 4058 nitidissimus
2736 3993 2845 4078 qui
2888 3991 3163 4056 inveniri

235 4101 470 4179 potest,
527 4092 705 4176 fons)
777 4095 918 4174 100,
970 4094 1066 4158 16.
1135 4114 1198 4156 ez
1240 4113 1346 4156 voe
1386 4111 1590 4176 quemn
1635 4102 1835 4155 termut
1874 4091 2072 4156 solaer
2126 4113 2265 4155 maz
2304 4093 2535 4158 uiueret
2586 4117 2617 4158 e
2670 4115 2927 4178 esquern
2968 4103 3166 4156 eam-et

239 4196 356 4279 (ita
395 4203 614 4262 tentus
661 4203 762 4261 est
801 4202 876 4258 ut
916 4194 1088 4260 clare
1129 4201 1608 4258 numerarentur
1649 4214 1802 4258 ossa
1845 4192 1985 4258 eius
2030 4193 2309 4278 sacrata)
2350 4193 2486 4260 MJ.
2522 4195 2643 4260 134
2657 4217 2715 4259 a.
2788 4194 2993 4278 donas
2998 4233 3003 4240 ·
3026 4213 3163 4256 maz

234 4299 436 4383 qallwt
478 4297 702 4382 (quam
730 4294 940 4382 possit
968 4289 1494 4381 profundissime)
1525 4297 1602 4359 97
1619 4317 1675 4360 a.
1731 4317 1816 4357 na
1845 4315 1921 4358 ne
1948 4295 2111 4360 albet
2134 4346 2147 4358 .
2176 4346 2189 4360 .
2218 4345 2233 4360 .
2254 4317 2459 4382 comps
2500 4297 2687 4360 deoeh,
2714 4299 2917 4360 autier—
2944 4295 3162 4357 kanter

236 4422 316 4463 na
367 4399 704 4462 credet-ann
755 4397 918 4482 (nec
969 4407 1195 4484 posset
1245 4395 1375 4461 dici
1425 4395 1614 4462 vobis
1667 4403 1901 4477 totum,
1964 4394 2295 4462 dimidium
2344 4418 2468 4462 nec
2520 4397 2710 4463 tertia
2760 4394 2956 4484 pars)
3011 4395 3161 4462 13b.

237 4499 404 4566 Hod.
449 4499 646 4566 kas-ed
685 4498 1099 4584 (amabatur),
1143 4498 1374 4564 karred
1411 4497 1520 4564 vel
1562 4497 1786 4582 kar-fed
1827 4494 2206 4581 (amaretur)
2251 4520 2351 4585 ap.
2381 4497 2549 4584 Lgn.

1429 4682 1978 4753 Praeteritum.

403 4807 663 4878 Cambr.
692 4803 971 4888 ASSIT,
1014 4803 1291 4874 YSSIT.
1375 4803 1548 4872 Iud..
1533 4830 1548 4845 ·
1590 4827 1635 4890 y
1657 4825 1796 4892 9⁴0¹·
1832 4825 1877 4889 y
1904 4805 2241 4888 mynnaaeit
2282 4818 2372 4890 κῃ·
2392 4805 2539 4869 rodi
2574 4805 2603 4866 i
2628 4803 2795 4868 idaw
2820 4801 3170 4865 mnhanuod

237 4911 364 4996 (vir
404 4912 508 4978 cui
552 4908 889 4976 voluerant
929 4909 1076 4975 dare
1119 4931 1224 4974 me
1252 4905 1548 4990 invitam)
1577 4905 1751 4972 Mab.
1784 4907 1842 4987 3,
1876 4905 1975 4969 22.
2041 4901 2283 4988 hoffaolz
2324 4927 2359 4970 ο
2394 4905 2579 4968 lawer
2622 4905 2733 4968 oed
2767 4925 2897 4988 qun
2939 4901 3166 4966 arthur

237 5017 420 5080 πονιτ
455 5037 500 5100 y
523 5033 662 5100 qun·
705 5013 791 5077 du
833 5033 950 5076 noo
972 5011 1378 5096 ydywedyssit
1423 5009 1590 5074 idaw
1633 5005 1867 5092 (maior
1896 5005 2093 5071 multo
2125 5006 2461 5073 videbatur
2489 5004 2769 5072 Arthuro
2796 5003 3165 5088 magnitudo

234 5115 354 5181 viri
403 5115 604 5202 nigri,
664 5135 855 5201 quam
897 5112 1135 5179 dictum
1179 5123 1314 5176 erat
1357 5109 1448 5194 ei)
1515 5113 1568 5191 l,
1611 5111 1714 5174 22.
1785 5119 1897 5194 ayt
1953 5109 2065 5173 oed
2113 5111 2233 5174 reit
2270 5111 2393 5194 μετέ
2430 5129 2661 5194 namyn
2703 5105 2877 5171 cadw
2927 5127 2970 5191 y
3007 5107 3163 5192 μέν.
