3717 5642
557 377 681 442 578
747 379 890 442 (54⁶)
1327 473 1332 478 ς
1469 377 1591 444 IH.
1639 381 1697 444 2.
1759 399 1979 446 vni-*css
2022 397 2201 444 sarr.
2247 396 2596 446 monum.

555 562 879 645 (novimus
925 563 1094 648 eum)
1135 563 1300 628 Buh.
1336 566 1474 646 184,
1513 566 1607 648 10.
1677 567 1802 650 huy
1855 591 1897 631 a
1941 589 2123 631 ezneu
2166 564 2502 648 (novistis)
2549 563 2684 629 MJ.
2727 565 2808 630 25
2826 586 2882 628 a.
2923 563 3072 630 532.
3141 564 3267 648 huy
3318 585 3475 649 qoar

555 675 755 726 cercen
798 665 917 727 Ιιασ
957 687 1031 728 en
1073 688 1254 730 ezneu
1299 666 1503 750 (certo
1547 667 1728 733 scitis
1774 677 1838 732 et
1868 667 2260 752 cognovistis
2306 666 2478 751 eum)
2525 667 2716 732 195b.
2806 663 3146 733 Cambrico
3182 666 3331 750 pica
3372 687 3469 729 re-

556 765 831 850 spondet
875 766 1038 832 biou:
1088 769 1197 831 dre
1232 791 1395 854 yzcyr
1435 769 1630 852 hom-y
1671 790 1808 831 men
1853 767 1992 832 bion
2034 769 2180 854 (per
2220 771 2455 835 iustum
2494 767 2711 832 ludum
2755 791 2896 833 eam
2938 766 3261 854 posside0,
3307 765 3473 831 tuni-

553 867 726 950 cam)
779 865 916 932 MJ.
963 871 1080 933 147
1098 893 1153 934 a.
1219 893 1305 955 ny
1349 869 1486 934 biou
1527 879 1638 932 'sur
1681 869 2119 956 (possidemus
2164 894 2304 936 eum
2350 871 2553 954 certo)
2598 871 2679 935 88
2695 870 2753 932 b.
2818 869 2943 952 huy
2986 867 3140 953 hyon.
3192 866 3473 952 (habetis

555 969 730 1050 eum)
776 970 855 1033 79
874 971 935 1035 b.
991 971 1115 1054 huy
1159 970 1298 1034 bion
1340 972 1526 1035 lenech
1565 973 1820 1036 hamon
1867 972 2151 1055 (habetis
2196 983 2258 1038 et
2288 975 2543 1039 excelsa
2587 981 2651 1036 st
2677 969 3019 1057 profunda)
3062 971 3185 1034 237
3200 992 3267 1048 a3
3312 969 3473 1034 aliae

551 1069 793 1134 formae
835 1093 966 1135 non
1008 1070 1434 1137 inveniuntur.

730 1170 932 1236 Paulo
977 1173 1162 1258 plura
1203 1185 1351 1238 sunt
1394 1175 1747 1262 composita
1786 1175 1921 1239 rad.
1954 1178 2011 1239 6.

725 1273 943 1338 Praes.
989 1275 1198 1360 prim.:
1254 1297 1398 1339 mar
1435 1277 1716 1362 qouezaff
1753 1276 1825 1361 (i.
1859 1300 1913 1340 e.
1956 1275 2331 1362 youzuezaff,
2374 1298 2434 1361 p.
2472 1277 2621 1356 144;
2684 1275 2742 1340 si
2786 1273 3013 1358 sciam)
3057 1271 3220 1338 Buh.
3268 1274 3371 1352 90,
3414 1275 3474 1336 8.

561 1395 632 1435 en
681 1373 806 1435 lech
845 1396 988 1436 maz
1025 1375 1280 1439 hom-vec
1325 1399 1387 1440 e:
1429 1401 1531 1440 ves
1573 1379 1767 1440 sclam·
1811 1378 1967 1463 (quo
2013 1376 2153 1442 loco
2198 1377 2450 1459 accidit,
2494 1377 2895 1442 manifestum
2938 1374 3068 1458 est)
3106 1373 3243 1440 MJ.
3276 1377 3399 1439 ‘206
3413 1374 3476 1439 1).

726 1473 913 1540 Coni.
960 1484 1026 1540 et
1052 1476 1197 1542 fut:
1246 1501 1306 1541 ez
1338 1480 1463 1565 duy
1513 1503 1598 1542 an
1638 1481 1744 1542 dez
1789 1502 1893 1544 ma
1936 1502 2009 1541 en
2034 1501 2336 1566 youwaey
2380 1478 2626 1563 (veniet
2654 1478 2792 1542 dies
2838 1499 2964 1562 quo
3007 1476 3075 1540 id
3107 1476 3308 1560 scies)
3338 1475 3477 1540 MJ.

555 1577 634 1640 52
650 1599 705 1640 a.
763 1598 859 1638 me
898 1598 1196 1662 qouzvezo
1242 1579 1486 1663 (sciam,
1536 1581 1947 1666 comperiam)
1994 1581 2189 1646 2241).
2258 1603 2331 1644 en
2377 1581 2548 1643 divez
2591 1603 2657 1642 ez
2697 1581 2991 1644 hom-vm
3040 1577 3327 1663 (tandem
3370 1600 3479 1642 ac-

557 1677 755 1760 cidet)
807 1679 1001 1742 1191).
1057 1681 1378 1744 boaruezet
1415 1704 1516 1744 re:
1560 1706 1601 1746 a
1643 1682 1943 1746 hoa-ruem
1990 1681 2130 1766 (fiat
2172 1703 2335 1768 quae
2378 1681 2482 1748 lex
2523 1679 2662 1765 fiet)
2722 1678 2885 1744 Buh.
2936 1678 3075 1763 168,
3112 1681 3169 1743 1.
3263 1677 3475 1744 Plan:

553 1779 680 1842 cale
722 1801 792 1842 as
837 1777 1042 1843 homes
1081 1805 1123 1844 a
1158 1784 1516 1868 youezlzimp
1560 1783 1850 1867 (multum
1894 1782 2199 1848 bonitatis
2243 1782 2547 1867 sciemus)
2594 1783 2698 1864 52,
2737 1783 2832 1846 12.
2900 1802 3007 1844 ma
3047 1802 3121 1844 en
3157 1780 3483 1867 youzvilzet

555 1879 655 1963 (ut
699 1880 918 1944 sciatis
961 1882 1060 1964 id)
1118 1882 1252 1948 MJ.
1295 1885 1449 1949 39b.
1503 1887 1696 1950 1641).
1758 1907 1861 1948 ma
1904 1907 1979 1949 en
2018 1889 2264 1972 youvz'et
2308 1886 2457 1970 (id.)
2504 1884 2702 1949 2191).
2769 1905 2855 1968 ny
2894 1881 2973 1946 Ιιο
3010 1903 3170 1968 qray
3216 1903 3291 1944 en
3337 1879 3483 1943 ber-r

552 2001 712 2064 quen
756 1995 1018 2046 ensem-et
1057 2005 1162 2046 ma
1201 1986 1526 2048 annavilzet
1565 1985 1776 2069 (brevi
1820 2011 1936 2053 vos
1980 1989 2073 2052 ita
2113 1987 2530 2068 includemus,
2578 1996 2649 2052 ut
2692 1983 3128 2070 cognoscatis)
3178 1982 3371 2048 1649..

722 2083 985 2169 Imper.:
1047 2107 1304 2172 youzvez
1363 2085 1586 2170 (scito)
1641 2086 1776 2153 MJ.
1824 2091 2010 2154 184a.
2113 2090 2170 2154 3.
2217 2113 2413 2177 pers.:
2474 2089 2716 2153 alumen
2767 2107 2909 2150 cren
2960 2106 3058 2148 me
3106 2105 3246 2148 men
3298 2096 3483 2148 termo

549 2187 868 2249 koaruezet
919 2207 1020 2248 res
1062 2210 1105 2249 a
1145 2188 1444 2251 hom-ueto
1497 2188 1715 2271 (abibo
1760 2191 2049 2275 protinus
2096 2193 2271 2272 hinc,
2318 2192 2428 2254 fiat
2468 2191 2572 2256 lex
2616 2211 2779 2274 quae
2820 2187 2961 2271 fiet)
3010 2185 3170 2251 Buh.
3221 2187 3362 2268 168,
3424 2189 3483 2250 1.

552 2287 723 2351 Plur.
771 2287 827 2349 ·2.
875 2308 1068 2372 pers:
1110 2301 1426 2374 youzvezet
1467 2289 1758 2374 (scitote)
1797 2291 1930 2356 MJ.
1964 2293 2047 2378 sq.
2096 2302 2163 2357 ut
2194 2295 2303 2358 9b.
2342 2294 2486 2357 l2a.
2525 2294 2598 2356 14
2616 2293 2675 2356 b.
2708 2291 2791 2355 30
2810 2289 2868 2354 b.
2902 2289 3055 2354 361).
3088 2289 3241 2353 599..
3280 2289 3487 2354 1821).

558 2389 758 2453 1841).
805 2391 922 2453 187
945 2411 1000 2452 a.
1045 2389 1312 2456 218a.b.
1353 2391 1474 2454 226
1490 2413 1544 2453 a.
1608 2393 1918 2476 qouzuicit
1966 2395 2047 2457 ha
2097 2419 2185 2460 na
2241 2395 2434 2458 tar-dit
2480 2415 2595 2478 pas
2648 2392 2906 2476 (scitote
2959 2412 3124 2456 neve
3176 2388 3489 2476 tardetis)

551 2490 714 2555 Buh.
765 2491 903 2571 150,
940 2492 1036 2554 17.

720 2590 942 2656 Praes.
989 2613 1147 2656 sec.:
1192 2603 1286 2655 ret
1327 2614 1390 2655 ez
1428 2595 1716 2679 qouffenn
1757 2617 1851 2658 me
1894 2597 2192 2681 (necesse
2240 2608 2339 2663 est
2381 2595 2577 2661 sciam
2623 2595 2775 2680 ego)
2818 2593 2953 2660 MJ.
2986 2594 3181 2660 2101).
3252 2617 3293 2656 a
3330 2615 3487 2678 pos-

550 2693 668 2757 sibl
708 2715 777 2756 ve
818 2716 881 2756 ez
925 2693 1142 2772 hoarfe
1183 2704 1324 2775 quet
1367 2693 1545 2777 (num
1589 2697 1798 2781 possit
1838 2698 1980 2762 fieri
2024 2707 2094 2762 ut
2124 2698 2439 2781 accidat?)
2494 2699 2607 2761 167
2623 2719 2680 2761 a.
2738 2719 2819 2758 vn
2858 2717 3008 2781 yuez
3052 2694 3219 2760 arall
3260 2719 3345 2758 an
3374 2705 3489 2758 tra

553 2819 614 2860 se
655 2818 766 2860 rac
809 2820 896 2858 na
937 2793 1156 2877 Itoarse
1193 2794 1364 2878 qoall
1422 2795 1536 2879 (ne
1579 2798 1804 2864 iterum
1850 2800 2037 2865 huius
2080 2801 2175 2865 rei
2218 2798 2533 2885 neglectio
2578 2796 2857 2880 accidat)
2901 2796 3063 2861 Buh.
3096 2799 3201 2880 74,
3242 2797 3339 2861 10.
3409 2819 3487 2861 o:

551 2897 783 2980 deurfi’,
825 2919 938 2960 ουκ
967 2895 1205 2978 deurfe,
1251 2895 1326 2958 Ιιο
1355 2897 1573 2978 deurfe
1617 2898 1835 2981 (vobis
1878 2902 2189 2988 placeret)
2239 2924 2428 2988 supra
2456 2924 2518 2988 p.
2545 2902 2687 2965 521.
2771 2897 2978 2964 Plur.:
3016 2921 3105 2984 pa
3142 2898 3492 2986 youshemp

541 3001 694 3084 piou
738 3020 806 3060 ve
836 3045 850 3060 .
878 3046 894 3061 .
919 3045 933 3060 .
966 3019 1030 3060 ez
1071 3019 1140 3059 ve
1181 2996 1294 3080 hep
1339 3007 1502 3061 truez
1546 2999 1771 3065 labecet
1815 3004 1904 3088 (si
1950 3005 2279 3086 sciremus,
2326 3003 2469 3090 quis
2516 3011 2706 3084 esset,
2752 3002 2893 3068 sine
2936 2999 3274 3066 clementia
3314 3000 3491 3086 lapi-

551 3101 831 3184 daretur)
877 3097 1012 3163 MJ.
1046 3100 1126 3163 58
1143 3099 1201 3162 b.

717 3202 958 3266 Praet.:
1003 3200 1127 3263 evel
1166 3222 1305 3262 maz
1348 3199 1606 3264 hom-voe
1647 3203 1845 3287 (sicut
1887 3206 2151 3291 accidit)
2196 3205 2331 3270 MJ.
2364 3205 2563 3272 2211).
2620 3229 2705 3292 ny
2744 3205 2859 3269 hen
2902 3226 3167 3269 aznavoe
3205 3207 3493 3288 (cogno-

553 3303 758 3370 vimus
801 3301 973 3384 eum)
1019 3299 1216 3367 2111).
1269 3323 1312 3385 y
1342 3321 1414 3364 en
1445 3326 1712 3368 atnavoe
1752 3305 2224 3392 (cognoverunt
2267 3304 2439 3389 eum)
2484 3306 2681 3371 2021).
2713 3307 2907 3372 2211).

718 3403 1030 3469 Passivae
1073 3401 1310 3466 formae
1366 3404 1530 3467 coni.
1577 3407 1678 3470 vel
1722 3406 1873 3472 fut.:
1929 3411 2108 3473 aiu-iu
2152 3431 2216 3472 eo
2260 3409 2367 3470 dez
2412 3431 2551 3471 ‘maz
2588 3409 2961 3493 youzuezher
3002 3407 3295 3488 (advenit
3336 3407 3493 3474 dies

547 3529 671 3594 quo
717 3506 981 3586 scietur,
1037 3512 1109 3567 ut
1148 3503 1422 3588 sciatur)
1473 3505 1630 3570 Buh.
1665 3509 1764 3590 84,
1804 3509 1899 3572 12.
1988 3507 2288 3596 Inprimis
2333 3509 2626 3596 particip.
2673 3517 2901 3595 praet.:
2948 3511 3032 3572 da
3057 3509 3255 3595 quelet
3295 3524 3495 3574 count

547 3611 622 3673 Ιιο
666 3617 950 3672 curantes
991 3606 1108 3669 Ῐιασ
1149 3629 1233 3669 an
1257 3606 1572 3692 quio-iones
1611 3621 1933 3694 qouzuezet
1979 3610 2091 3694 (ad
2124 3611 2459 3676 videndam
2508 3611 2670 3677 belle
2716 3611 3040 3676 caritatem
3084 3619 3365 3676 vestram
3416 3621 3495 3676 et

551 3710 878 3776 veritatem
925 3706 1342 3794 compertam)
1375 3708 1476 3790 36,
1516 3711 1620 3788 123
1665 3711 2038 3795 praesertim
2080 3713 2149 3777 in
2179 3713 2575 3798 temporibus
2618 3711 3025 3797 compositis:
3071 3733 3293 3778 amem:
3336 3733 3491 3776 enez

542 3823 786 3899 qouecet
842 3810 1154 3896 (comperi
1198 3810 1483 3894 quoque)
1537 3811 1636 3891 88,
1688 3815 1781 3875 17.
1847 3835 1988 3876 mar
2040 3814 2110 3877 be
2159 3812 2541 3900 qouzveLveJt
2594 3812 2683 3897 (si
2736 3812 3034 3897 sciretur)
3098 3811 3233 3878 MJ.
3278 3813 3489 3879 2212..

544 3916 668 3978 han
715 3926 878 3976 truez
922 3935 986 3975 so
1029 3914 1340 3976 hom-vezet
1400 3912 1496 3996 (et
1537 3913 1854 3977 miseriam
1899 3935 2063 3998 quae
2107 3915 2371 4000 accidit)
2431 3916 2623 3980 206a.
2680 3936 2764 4000 pe
2804 3915 2930 4000 huy
2980 3939 3067 3978 na
3102 3913 3249 4001 quel
3290 3913 3493 3999 pebe:

545 4037 736 4100 synon
779 4035 843 4077 so
885 4014 1198 4077 hom-vexet
1243 4014 1358 4098 (an
1401 4036 1532 4077 non
1577 4014 1810 4079 videtis
1856 4037 2019 4102 quae
2064 4016 2251 4101 signa
2290 4016 2460 4081 facta
2490 4014 2692 4100 sint2)
2730 4018 2844 4080 147
2864 4017 2923 4082 b.
2975 4027 3159 4102 petra
3196 4035 3383 4078 neue:
3412 4036 3491 4080 80

545 4117 862 4179 Izoaruecet
907 4113 1093 4200 (quid
1135 4117 1285 4180 novi
1339 4116 1641 4200 accidit?)
1685 4115 1846 4179 Buh.
1882 4118 1981 4198 56,
2021 4117 2116 4182 10.
2164 4119 2263 4198 74,
2302 4121 2355 4181 1.
2429 4139 2507 4182 ne
2541 4139 2665 4203 yon
2707 4140 2779 4180 en
2823 4119 2930 4180 dez
2960 4115 3147 4202 pebez
3186 4137 3251 4179 so
3292 4115 3495 4178 boar-

545 4229 710 4280 uezet
767 4216 1018 4300 (nescio
1061 4215 1250 4282 hodie
1300 4217 1831 4303 quid-acciderit)
1892 4219 1990 4299 58,
2027 4221 2124 4282 14.
2200 4231 2520 4282 aznavezet
2562 4240 2635 4282 eu
2674 4241 2899 4304 quenez
2936 4217 3089 4303 ylan
3146 4216 3487 4301 (cognitus¹

548 4327 647 4382 est
675 4341 714 4382 a
742 4327 804 4382 te
838 4340 1010 4403 pure,
1059 4316 1267 4401 dolor)
1299 4317 1434 4382 M-J.
1466 4321 1544 4380 67
1567 4317 1657 4382 bf·
1728 4319 1925 4402 Apud
1958 4317 2133 4383 Man.
2161 4331 2428 4405 qouezet,
2462 4331 2749 4401 oarvezet,
2795 4331 3102 4398 (movent,
3146 4327 3495 4404 praeterea

543 4421 791 4483 talvezet
835 4417 1140 4502 (valens),
1189 4430 1481 4482 teum-ezec
1526 4418 1834 4502 (volens),
1860 4419 2143 4498 s'aluezec
2185 4418 2640 4504 (desiderans).

714 4519 1024 4584 Infinitivi
1068 4520 1252 4606 plura
1295 4530 1444 4584 sunt
1488 4520 1802 4606 exempla:
1864 4521 2168 4583 lzoaruout
2212 4511 2721 4605 (‘contingere'),
2766 4531 3081 4584 aznauout
3119 4509 3489 4604 (noscere,

545 4611 983 4704 cognoscers')
1028 4642 1172 4686 cum
1216 4621 1519 4687 derivatis
1565 4623 1960 4686 acuauoudec
2002 4611 2411 4705 (‘cognitor')
2456 4629 2519 4684 et
2558 4621 3067 4707 aznauoudequez
3096 4613 3489 4706 (‘agnitio')‚

539 4733 842 4808 youzuout
899 4713 1210 4805 (‘scire'),
1269 4725 1657 4806 dayomuout
1714 4716 2105 4804 (‘scilicet'),
2162 4723 2493 4803 deuruout,
2550 4721 2809 4786 deruout
2864 4711 3177 4805 (‘velle'),
3238 4723 3493 4788 taluout

544 4815 943 4909 (prodesse,
1017 4821 1281 4908 valere')
1342 4823 1526 4890 Cath.
1635 4824 1830 4909 Apud
1884 4822 2057 4886 Man.
2121 4823 2423 4908 ampliore
2476 4821 2678 4887 forma
2728 4833 3047 4886 oarvezout
3098 4821 3489 4908 (accidere),

545 4937 882 4989 tem-vezout
911 4925 1140 5010 (velle)
1173 4963 1248 4970 —
1295 4938 1364 4989 ut
1393 4927 1536 4991 hod.
1570 4924 1991 4988 c'laeoarve‘wut
2034 4923 2133 4987 vel
2165 4925 2495 4989 darve'zout
2535 4923 2911 5008 (accidere),
2956 4927 3295 4989 anavdzout
3338 4925 3491 5008 (co-

681 5147 703 5172 ⁴¹
739 5147 994 5200 Adiectivi
1036 5147 1134 5198 vim
1175 5147 1408 5197 continet
1445 5147 1602 5197 forma
1636 5145 1917 5213 simplicior
1952 5143 2145 5195 hamat
2178 5141 2411 5210 (notus)
2446 5145 2595 5198 cath.
2630 5145 2763 5198 Buh.
2794 5149 2878 5210 46,
2906 5150 2953 5198 7.
2995 5151 3108 5210 100,
3136 5151 3215 5200 19.
