3717 5642
1262 341 1642 394 mirum>
1683 341 2047 395 numum.
2648 325 2793 394 (ΣΠ.
2812 326 2969 396 1111)
3026 329 3133 400 xl

217 531 346 576 cum
405 510 532 578 sibi
585 511 872 580 vinffieat
916 511 1312 599 primamque
1361 511 1782 599 diligenfiam,
1845 537 1981 582 non
2032 515 2237 582 sehim
2296 516 2380 582 ob
2432 515 2745 582 maiorem
2790 515 3127 584 formarum

218 623 552 688 ubertatem
598 623 852 707 linguae
897 622 1134 707 ipsius,
1179 624 1298 690 sed
1339 623 1528 688 etism
1567 625 1652 688 ob
1697 624 2059 710 copiosiora
2100 635 2503 692 monumenta
2546 633 2803 692 servata
2842 626 2913 692 in
2954 627 3131 694 codi-

219 731 390 796 cibus
433 733 710 798 vetustis
755 731 1120 812 hibernicis,
1167 755 1208 798 a
1237 733 1466 818 quibus
1509 733 1700 824 longe
1743 743 2123 819 superantur
2160 744 2287 800 tam
2329 752 2591 800 numero
2636 756 2829 821 quam
2868 745 3129 802 conten-

224 849 408 904 torum
451 841 644 927 copia
685 841 1022 908 britannici
1065 842 1324 908 codices
1368 842 1650 909 eiusdem
1694 843 1923 908 aetatis
1964 844 2067 908 vel
2110 845 2324 930 potius
2368 845 2685 920 cambrici,
2733 846 2841 932 qui
2886 845 3131 912 scilicet

221 950 318 1014 soli
377 959 651 1016 aetatem
707 951 1170 1018 hiber-nieorum
1225 953 1558 1038 attingunt.
1645 953 1788 1020 Hos
1841 973 1995 1040 ergo
2048 955 2305 1020 codices
2320 1005 2339 1033 ,
2398 975 2479 1020 ex
2540 953 2773 1040 quibus
2824 955 2930 1020 hic
2968 955 3132 1022 liber

221 1061 433 1140 crevit,
489 1061 856 1126 hibernicos
901 1071 967 1127 et
1007 1062 1428 1144 britannicos,
1475 1071 1542 1128 et
1585 1065 1806 1129 horum
1849 1063 2201 1130 cambrione
2254 1074 2383 1130 tam
2423 1073 2712 1130 vetustos
2758 1087 2943 1150 quam
2986 1087 3131 1130 cum

227 1170 484 1236 cornicis
529 1179 594 1236 et
638 1172 1000 1240 aremoricis
1043 1173 1450 1254 recentiores,
1496 1173 1781 1260 singulos
1819 1175 2171 1260 producere
2212 1183 2279 1238 et
2306 1174 2667 1240 describere
2712 1173 2999 1257 (omissis
3036 1184 3131 1240 ta-

232 1301 376 1360 men,
421 1302 588 1367 quae
631 1305 749 1348 nos
795 1283 1002 1348 minus
1045 1291 1340 1368 tangunt,
1399 1305 1456 1347 e.
1501 1306 1592 1370 gr.
1636 1284 1863 1365 forma,
1922 1307 2084 1371 quae
2135 1283 2334 1352 maior
2388 1293 2489 1352 est
2526 1284 2659 1352 fere
2704 1285 2775 1350 in
2816 1285 3129 1367 omnibus,

225 1387 424 1458 habitu
469 1399 738 1458 externo
783 1392 936 1478 etc.)
978 1392 1390 1480 praecipuum
1431 1392 1620 1460 huius
1662 1394 1973 1482 prooemii
2014 1401 2449 1484 argumentum
2492 1403 2609 1462 est.

1117 1677 1576 1748 CODICES
1618 1679 2193 1750 HIBERNICI.

364 1831 707 1898 Hibernici
751 1833 1008 1898 codices
1053 1841 1342 1900 vetustae
1385 1833 1640 1920 linguae
1683 1843 2088 1902 monumenta
2128 1843 2461 1902 servantes
2510 1835 2581 1900 in
2622 1834 2907 1918 copiosis
2947 1857 3129 1919 prae-

229 1943 422 2008 sertim
461 1942 704 2028 glossis
723 1993 740 2023 ,
793 1942 1308 2010 inter-linearibus
1351 1945 1712 2028 plurimum,
1768 1944 2027 2033 saepius
2070 1946 2261 2012 etiam
2300 1943 2789 2030 marginalibus,
2850 1944 2919 2009 in
2960 1953 3131 2010 terra

235 2053 568 2119 continenti
612 2061 832 2118 extant
869 2053 1088 2139 plures
1132 2077 1172 2118 a
1211 2053 1540 2121 monachis
1582 2055 1804 2141 scripti
1845 2053 2157 2122 Hibernis
2204 2054 2335 2134 vel,
2392 2063 2465 2118 ut
2512 2061 2645 2118 tum
2687 2053 2991 2140 temporis
3034 2055 3130 2122 di-

225 2164 545 2242 cebantur,
605 2161 836 2242 Sectis,
883 2164 1005 2230 iam
1050 2187 1090 2230 a
1131 2164 1386 2230 saeculo
1431 2173 1612 2230 sexto
1655 2187 1770 2250 per
1810 2165 2133 2251 Europam
2179 2165 2605 2231 continentem
2646 2163 2731 2228 ad
2770 2186 3129 2251 propagan-

223 2273 348 2336 dam
389 2273 580 2338 fidem
625 2273 1034 2340 christianam
1078 2275 1407 2361 dispersis.
1495 2273 1772 2342 Codices
1831 2277 2067 2342 servati
2122 2299 2279 2342 aevo
2324 2273 2735 2360 Carolingico
2786 2275 2907 2340 orti
2959 2285 3125 2358 sunt,

221 2379 527 2448 aut’allati
575 2405 656 2448 ex
699 2382 1039 2464 Hibernia,
1083 2395 1194 2450 ant
1235 2386 1422 2452 etiam
1466 2385 1686 2471 scripti
1729 2387 1798 2452 in
1825 2385 2229 2452 monasteriis
2256 2393 2462 2454 terrae
2490 2384 2877 2450 continentis
2917 2406 2958 2449 a
2996 2407 3130 2450 mo-

223 2493 426 2560 nachis
470 2494 612 2558 eius
655 2491 864 2579 gentis
906 2493 1136 2562 litteris
1177 2495 1540 2576 hibernicis,
1597 2517 1762 2582 quae
1805 2497 1964 2562 alias
2008 2495 2303 2562 dicuntur
2344 2495 2531 2560 etiam
2573 2493 3125 2580 anglosaxonicse.

217 2600 328 2683 Qui
371 2603 440 2667 in
471 2603 766 2669 manibus
807 2603 966 2668 meis
1007 2603 1278 2686 filerunt,
1325 2605 1560 2672 servati
1603 2604 1672 2674 in
1715 2606 2089 2688 continenti,
2130 2605 2197 2670 hi
2240 2611 2406 2670 sunt.

371 2717 424 2777 1.
495 2711 722 2780 Codex
763 2711 1080 2780 Prisciani
1139 2714 1359 2782 Sancti
1403 2715 1580 2783 Galli
1635 2717 1729 2800 (ιι.
1776 2717 1931 2798 904,
1986 2717 2055 2781 in
2097 2715 2221 2782 hoc
2274 2737 2467 2800 opere
2524 2714 2899 2800 designatus
2958 2713 3125 2800 Sg.,)

224 2821 498 2910 'magnam
542 2823 902 2910 glossarum
945 2823 1172 2890 molem
1215 2828 1548 2911 praebens,
1595 2827 1828 2914 quibas
1868 2825 2139 2892 refertus
2181 2835 2283 2891 est
2323 2827 2403 2891 ab
2432 2823 2613 2890 initio
2658 2845 2859 2910 usqne
2904 2825 2987 2890 ad
3016 2847 3127 2910 pa·-

222 2933 392 3014 ginae
431 2934 558 2998 222
603 2933 958 3032 columnam
1009 2936 1356 3001 secundam
1400 2936 1647 3022 (222⁵),
1705 2935 1816 3002 vel
1851 2957 2057 3022 usque
2110 2936 2189 3002 ad
2230 2936 2423 3002 finem
2465 2934 2608 3002 libri
2648 2934 2877 3000 decimi
2920 2935 3127 3020 quarti

225 3037 554 3124 Prisciani,
611 3067 654 3108 a
697 3066 824 3129 qua
861 3065 1066 3130 usqne
1109 3045 1194 3110 ad
1233 3045 1517 3112 ultimam
1559 3047 1856 3133 paginam
1900 3047 2025 3110 249
2078 3045 2351 3110 rariores
2398 3045 2565 3110 fiunt
2602 3044 2877 3130 glossae.
2972 3043 3127 3109 Dis-

224 3152 380 3216 cerni
423 3153 493 3218 in
535 3155 662 3220 hoc
697 3154 918 3220 codice
959 3165 1233 3240 possunt
1273 3166 1406 3222 tres
1451 3156 1877 3242 glossatorum
1918 3177 2173 3234 manus,
2234 3176 2362 3218 una
2402 3153 2719 3240 generalis
2770 3177 2887 3240 per
2928 3163 3125 3219 totum

223 3261 517 3344 codicem,
575 3263 850 3349 diligens
896 3272 960 3329 et
1001 3265 1202 3346 clara,
1257 3266 1328 3330 in
1370 3267 1594 3351 paucis
1651 3275 1895 3332 tantum
1952 3264 2261 3330 columnis
2313 3263 2523 3329 locum
2576 3265 2891 3350 praebens
2946 3263 3129 3330 alteri

221 3374 418 3438 manui
462 3373 562 3457 (in
605 3373 730 3438 65⁸.
774 3375 897 3440 66·.
941 3375 1066 3439 66⁸.
1111 3375 1232 3440 67⁸.
1279 3376 1448 3461 67⁶);
1493 3377 1688 3442 tertia
1723 3395 1951 3442 manns
1990 3373 2099 3440 hic
2132 3371 2241 3438 vel
2279 3371 2414 3438 illic
2452 3395 2570 3460 per
2610 3373 2895 3440 codicem
2938 3397 3128 3460 quas-

220 3479 346 3546 dam
385 3482 710 3570 adspersit
744 3483 1082 3568 glossulas.

371 3589 654 3659 Glossae
712 3603 786 3658 ut
822 3594 894 3660 in
935 3593 1084 3661 aliis
1127 3581 1458 3664 codicibus
1502 3605 1652 3664 sunt
1691 3605 1802 3661 aut
1839 3593 2281 3660 interlineares
2324 3600 2433 3660 aut
2470 3591 2871 3679 marginales.
2956 3591 3133 3660 Maa-

219 3700 514 3782 ginalium
565 3711 790 3768 notatu
839 3704 1080 3790 dignae
1125 3715 1274 3772 sunt
1314 3706 1621 3792 quaedam
1663 3714 1792 3772 tam
1834 3703 2071 3770 latinae
2114 3725 2301 3788 quam
2342 3701 2738 3786 hibernicae,
2795 3725 2958 3790 quae
2999 3725 3131 3769 non

221 3809 290 3872 ad
335 3819 580 3877 textum
620 3811 942 3880 Prisciani
995 3815 1346 3902 pertinent,
1409 3816 1524 3882 sed
1574 3815 1789 3880 varias
1843 3835 1949 3880 res
2005 3813 2085 3878 de
2130 3811 2477 3898 scriptione
2516 3813 2791 3895 codicis,
2842 3821 3131 3900 tempore

217 3918 309 3984 vel
357 3919 504 3987 aliis
519 3973 538 4004 ,
596 3945 762 4009 quae
818 3924 1112 4011 scriptori
1164 3923 1234 4006 in
1284 3933 1558 3991 mentem
1595 3924 1865 3990 veniunt
1881 3973 1899 4004 ,
1951 3930 2200 4003 notant,
2258 3944 2315 3988 e.
2358 3944 2451 4008 gr.
2506 3921 2739 4012 latinae
2797 3921 3129 4010 quaedam,

225 4031 380 4096 157·:
425 4032 664 4118 Ιιυσυες.
709 4033 924 4098 saluus
961 4037 1220 4120 partic-ii
1258 4033 1585 4122 depincxit?
1648 4035 1826 4100 209⁵:
1870 4032 2012 4096 evde
2055 4033 2159 4117 qvi
2198 4031 2359 4118 ἱεραί
2398 4030 2555 4118 (sic)
2600 4033 2873 4118 difficilis
2900 4044 2987 4098 est
3009 4035 3132 4098 abta

335 4221 362 4246 ⁶
395 4219 653 4288 Sequitur
685 4219 810 4272 inde
840 4220 950 4274 alia
983 4237 1168 4276 manus
1205 4225 1379 4276 textus
1413 4225 1538 4286 (non
1569 4221 1856 4289 glossarum
1871 4255 1887 4282 ,
1922 4220 1981 4272 in
2014 4218 2204 4288 quibus
2238 4217 2409 4286 pergit
2440 4219 2693 4287 generalis
2726 4221 2931 4283 manus)
2964 4233 3131 4287 usquo

223 4303 278 4354 sd
309 4303 470 4358 finem
507 4305 724 4368 codicis3
771 4305 1037 4360 alternant
1071 4309 1242 4361 tamen
1274 4323 1394 4360 cum
1427 4322 1492 4360 ea
1522 4306 1752 4359 diversae
1785 4305 2037 4374 quaedam
2070 4316 2257 4356 manus
2289 4302 2347 4354 in
2378 4303 2687 4369 quibusdam
2720 4304 2859 4367 locis,
2892 4308 2957 4357 ut
2992 4302 3133 4368 194⁸,

219 4388 292 4441 ubi
321 4390 728 4461 suprascr-ibitur
761 4406 922 4460 supra
943 4393 1186 4461 pagmam
1221 4392 1465 4462 dora-yos,
1501 4406 1636 4461 qnae
1667 4391 1865 4460 pagiua
1896 4393 1979 4443 est
2013 4391 2189 4458 aperte
2222 4387 2449 4441 eiusdem
2484 4403 2687 4453 manus,
2718 4390 2869 4443 cuius
2902 4392 2983 4442 est
3003 4393 3130 4440 207·

218 4479 260 4524 et
285 4477 496 4532 initium
531 4477 752 4548 paginae
788 4479 932 4540 202⁶,
965 4477 1056 4530 ubi
1087 4479 1146 4531 in
1179 4478 1408 4548 margine
1441 4476 1704 4546 superiore
1737 4477 1925 4544 legitur
1958 4476 2083 4528 item
2116 4489 2305 4528 nomen
2338 4473 2561 4544 doriyus,
2596 4474 2862 4544 scriptoris
2894 4489 3012 4544 ergo
3044 4487 3131 4528 eo-

219 4573 314 4612 mm
347 4563 608 4629 locorum;
653 4567 812 4633 atque
847 4564 1025 4616 eadem
1061 4577 1246 4617 manus
1279 4563 1542 4618 invenitur
1576 4562 1634 4614 in
1666 4565 1782 4614 octo
1815 4561 1967 4614 lineis
2008 4576 2126 4630 pag.
2161 4563 2303 4612 240·.
2374 4557 2703 4628 Conspicitur
2744 4575 2895 4629 porro
2926 4560 3133 4614 diversa

219 4659 382 4700 nanus
415 4652 596 4702 textus
629 4650 690 4702 in
725 4654 878 4712 182·
913 4647 1008 4703 ubi
1043 4649 1454 4717 suprascriptum
1489 4649 1678 4718 legitur
1709 4643 1786 4699 F
1763 4661 1991 4714 mquam
2028 4644 2167 4714 quod
2198 4645 2321 4698 inde
2356 4649 2409 4697 et
2441 4645 2613 4713 ipsum
2645 4661 2835 4700 nomen
2866 4645 3132 4714 scriptoris

219 4731 541 4800 colligendum
577 4741 680 4799 est,
716 4736 780 4790 cf.
816 4734 1001 4788 Cathal
1037 4749 1150 4788 mac
1185 4731 1442 4803 Finyuine
1475 4734 1520 4786 ri
1543 4729 2123 4796 1uman,Ann.1nisf.
2158 4746 2241 4798 sp.
2267 4730 2454 4784 0'.Don
2489 4746 2543 4798 p.
2566 4735 2684 4785 447.
2718 4726 3031 4800 (Fau-ysius,
3066 4729 3131 4783 cf.

221 4817 334 4869 verb.
367 4835 596 4888 yonam,
624 4821 840 4890 quinim,
875 4820 1138 4884 vulnero),
1173 4820 1250 4872 ita
1281 4823 1343 4874 ut
1373 4821 1624 4888 quattuor
1656 4831 1842 4871 manus
1878 4817 2051 4868 textus
2084 4815 2140 4868 in
2176 4818 2285 4868 toto
2319 4813 2497 4868 codice
2527 4815 2676 4869 facile
2707 4817 2913 4884 possint
2944 4816 3131 4870 distin·

218 4900 308 4966 gui.
372 4903 612 4958 Fortasse
657 4906 716 4958 in
749 4905 846 4958 hac
881 4905 1164 4973 posteriore
1197 4907 1346 4972 parte
1379 4903 1536 4956 etiam
1573 4903 1760 4972 quinta
1793 4915 1977 4977 mamis
2012 4900 2353 4954 discernenda
2386 4903 2491 4964 est,
2544 4901 2647 4954 nisi
2679 4905 2765 4954 est
2797 4903 2975 4956 eadem
3006 4901 3129 4955 sub-

219 4997 418 5056 oequens
447 4992 570 5058 post
603 4988 818 5044 Calvum
853 4988 1070 5043 Pan-lcii
1103 4993 1160 5042 et
1192 4987 1398 5044 fluidior
1431 4992 1638 5042 tantum
1672 4992 1726 5042 et
1759 4985 2031 5040 rotundior
2062 4985 2338 5038 interdum.
2408 4986 2605 5041 Horum
2640 4987 2852 5040 nomina
2882 5001 2989 5040 non
3009 4999 3127 5054 prc-

219 5069 410 5136 dtmtur,
445 5075 549 5128 nisi
583 5079 714 5128 sunt
729 5073 936 5144 folleya
970 5075 1048 5127 vel
1079 5071 1322 5128 eobtlmcln
1357 5073 1442 5140 (cf.
1479 5087 1666 5127 nomen
1701 5073 1800 5126 viri
1825 5069 2103 5136 dubtkacli)
2138 5087 2271 5140 quse
2305 5072 2551 5143 leguntur
2581 5073 2639 5126 in
2660 5073 2889 5142 margine
2919 5073 2979 5124 in
3008 5073 3129 5122 190·

221 5161 376 5210 0219
403 5159 666 5232 sumtum
700 5159 908 5236 aequali
937 5151 1227 5234 scripturae
1247 5162 1444 5216 tostus.
1499 5157 1692 5215 Pristis
1727 5158 1891 5228 igitur
1924 5157 2095 5228 partis
2129 5157 2341 5212 maioris
2374 5158 2614 5230 scriptor,
2645 5158 2794 5210 caius
2828 5171 3015 5210 manus
3046 5171 3129 5211 rs·
