3717 5642
490 281 526 343 7
531 279 612 344 26
679 280 818 344 (689-
845 281 967 344 690)
1255 277 1373 346 IV.
1417 280 1478 345 3.
1545 297 2095 347 comunonomts
2137 297 2617 347 Bmmmcffl.

487 465 692 531 deatis
735 463 909 546 mihi,
955 487 1076 550 ego
1121 464 1457 549 dormiam)
1508 467 1561 547 1,
1605 467 1666 531 2.
1733 467 2017 552 dywedut
2054 467 2305 554 wrthff.
2350 466 2446 532 bei
2486 491 2573 534 na
2617 465 2968 552 thybyckwn
3000 515 3015 528 .
3042 513 3059 528 .
3086 514 3103 529 .
3132 465 3225 527 mi
3250 485 3407 526 aua-

486 589 710 653 naqwn
753 568 832 630 itt
874 563 1118 648 (dicere
1161 566 1343 632 mihi:
1391 567 1448 633 si
1489 590 1622 634 non
1665 569 2029 654 cogitarem,
2052 619 2067 634 .
2094 619 2109 633 .
2134 592 2255 655 ego
2298 577 2713 635 monstrarem
2753 567 2903 648 tibi)
2950 570 3004 647 1,
3036 569 3096 631 5.
3196 565 3409 649 Atque

485 667 757 753 repetito
819 667 962 753 ipso
1005 668 1201 734 verbo
1246 670 1649 736 substantivo
1699 672 1805 754 pei
1841 695 1929 735 na
1972 670 2068 736 bei
2117 670 2206 754 (si
2246 694 2377 736 non
2422 671 2657 755 esset):
2716 672 2829 754 pei
2866 693 2951 732 na
2994 668 3090 732 bei
3126 665 3411 730 van-thuan

391 791 396 796 ·
483 767 726 855 qennyf
743 819 758 832 .
785 817 801 832 .
827 816 842 832 .
873 770 964 832 mi
1003 768 1258 834 abarum
1299 770 1391 855 (si
1433 794 1564 836 non
1607 781 1784 837 esset
1823 771 2239 858 incongruum
2281 773 2454 854 mihi,
2499 794 2619 858 ego
2661 769 2993 854 iacerem),
3042 770 3154 854 pei
3192 790 3277 830 na
3324 764 3415 829 bei

487 893 522 934 0
560 880 789 956 qao-yar:
832 881 1020 933 amat
1062 872 1115 936 ti
1153 892 1236 956 ny
1280 870 1499 956 hydam
1535 894 1687 958 yma
1731 873 1818 958 (si
1859 896 1993 938 non
2024 883 2197 940 esset
2238 897 2452 940 amore
2492 873 2604 955 tui,
2652 896 2783 937 non
2826 893 3038 960 essem
3066 866 3204 952 hic)
3234 865 3411 930 Mab.

496 976 547 1054 1,
585 974 681 1037 18.
714 973 856 1036 255.
913 983 1022 1056 nyt
1063 971 1174 1036 oed
1209 975 1405 1059 qyfiyy
1442 975 1688 1060 yennys
1715 974 1934 1060 ymlad
1963 974 2165 1039 amida·
2206 974 2301 1038 bei
2339 1000 2425 1039 na
2456 975 2553 1039 bei
2588 996 2669 1060 φ·
2698 974 2919 1058 anifeil
2958 983 3065 1059 yyt
3092 969 3228 1034 athi
3254 967 3413 1051 (non

489 1082 626 1138 erat
663 1071 822 1136 mihi
867 1073 1227 1156 difficultas,
1273 1097 1650 1141 concurrere
1691 1084 1923 1156 tecum,
1971 1077 2028 1142 si
2071 1100 2203 1142 non
2248 1088 2423 1144 esset
2458 1077 2695 1142 animal
2733 1075 2973 1159 tecum)
3026 1076 3079 1153 1,
3110 1072 3214 1136 34.

660 1172 1007 1240 Cornica
1058 1183 1126 1240 et
1178 1178 1613 1243 aremorica
1651 1177 2033 1244 coniunctio
2088 1179 2549 1246 condicionalis
2610 1190 2710 1245 est
2750 1177 2974 1258 MAR,
3032 1185 3185 1262 post
3226 1193 3415 1260 quam

489 1298 812 1343 consonae
857 1285 1206 1359 servantur,
1249 1279 1701 1364 provehuntur,
1745 1281 2247 1345 intromittuntur
2276 1283 2623 1348 secundum
2650 1281 2830 1365 leges
2862 1300 3057 1363 supra
3096 1277 3237 1362 (pp.
3276 1273 3415 1338 190.

491 1380 613 1443 549
649 1377 823 1464 sqq.)
877 1378 1263 1463 propositas.
1356 1379 1486 1446 Pro
1531 1381 1752 1448 eadem
1793 1404 1929 1446 non
1968 1383 2159 1449 modo
2204 1383 2560 1469 composita
2600 1404 2773 1447 corn.
2816 1379 3082 1446 MARA
3135 1376 3249 1460 (de
3293 1395 3421 1460 qua

493 1478 623 1544 vid.
667 1477 861 1562 infra)
908 1480 1164 1544 easdem
1207 1481 1386 1567 leges
1432 1505 1707 1570 sequens
1753 1483 2117 1567 adhibetur,
2166 1486 2279 1550 sed
2325 1485 2516 1550 etiam
2558 1505 2747 1548 arem.
2791 1481 2957 1562 MA,
2998 1478 3218 1559 ΜΔΖ,
3272 1497 3419 1542 raro

495 1605 666 1648 corn.
704 1579 864 1646 MA.
953 1579 1078 1646 Vix
1119 1593 1335 1650 tamen
1377 1585 1459 1650 ab
1501 1585 1604 1651 his
1633 1583 1855 1650 formis
1902 1608 2201 1672 separare
2242 1585 2464 1653 licebit
2506 1605 2677 1649 corn.
2710 1583 2929 1664 MAY,
2972 1581 3113 1648 MA
3154 1579 3417 1664 (mayth,

487 1683 658 1748 math
684 1705 750 1768 p.
783 1682 938 1767 201)
971 1692 1036 1746 et
1064 1706 1251 1754 arem.
1282 1685 1490 1770 MAZ,
1521 1687 1678 1768 MA,
1725 1708 2103 1774 quamquam
2133 1687 2431 1754 differunt
2466 1694 2784 1774 potestate
2822 1684 3092 1752 relativa
3132 1684 3229 1769 (p.
3262 1680 3417 1765 393)

488 1806 610 1851 nec
649 1807 784 1849 non
823 1785 1305 1860 transferuntur,
1330 1790 1412 1853 ad
1455 1789 1988 1876 significationem
2027 1789 2135 1854 lat.
2179 1801 2266 1852 ut.

661 1884 934 1952 Cornica
977 1890 1298 1975 exempla:
1339 1911 1576 1956 marsos
1613 1891 1760 1956 mab
1789 1893 1877 1955 du
1900 1941 1915 1955 .
1943 1943 1957 1956 .
1985 1941 2001 1956 .
2030 1915 2116 1957 an
2156 1913 2310 1976 veyn
2352 1914 2457 1956 ma
2481 1913 2646 1977 yura
2674 1889 2831 1954 bara
2860 1889 2954 1972 3123
2996 1886 3087 1971 (si
3132 1905 3203 1949 es
3248 1880 3421 1946 filius

491 1989 628 2071 dei,
670 1988 790 2055 hos
833 1985 1084 2075 lapides
1123 1989 1226 2056 fac
1269 2011 1501 2078 panem
1544 1993 1692 2077 tibi)
1737 1992 1815 2057 P.
1849 1996 1945 2075 11,
1978 1995 2037 2058 3.
2105 2015 2196 2056 ow
2240 1994 2463 2058 honore
2498 2012 2640 2056 mar
2680 1990 2967 2076 mynnetlt
3019 1989 3190 2073 (cod.
3234 2006 3419 2068 myn-

488 2091 668 2176 nytlc;
713 2113 816 2156 me
859 2091 1171 2158 honorare
1216 2092 1273 2156 si
1315 2093 1448 2176 vis,
1503 2094 1735 2160 faciam
1787 2103 1852 2160 te
1896 2116 2191 2180 magnum
2236 2092 2591 2176 dominnm)
2642 2094 2739 2174 16,
2771 2093 2830 2156 4.
2910 2087 3237 2173 leuerouqh.
3279 2107 3423 2148 mar

485 2194 637 2279 pyth
676 2215 870 2279 sawys
913 2191 1311 2280 (loquimini,
1370 2197 1428 2261 si
1473 2196 1856 2279 salvabitur,
1915 2219 2069 2262 num
2114 2195 2425 2281 salvetur)
2471 2197 2573 2277 95,
2620 2197 2675 2258 1.
2740 2215 2881 2256 mar
2922 2213 3005 2274 ny
3056 2189 3125 2273 yl
3168 2187 3271 2252 bos
3308 2186 3427 2250 ken

489 2297 580 2382 (si
622 2317 752 2362 non
795 2304 1010 2382 potest
1048 2317 1194 2360 esse
1237 2297 1450 2382 aliter)
1503 2301 1607 2381 57,
1639 2303 1702 2364 4.
1769 2319 1913 2362 mar
1968 2299 2119 2383 nytlz
2170 2299 2417 2382 wollmff
2470 2297 2561 2382 (si
2603 2318 2733 2361 non
2788 2293 3015 2358 lavabo
3058 2289 3155 2374 te)
3208 2289 3316 2368 46,
3360 2287 3420 2352 3.

488 2398 570 2464 D.
605 2400 748 2464 857.
804 2397 917 2460 Ma
958 2396 1160 2462 idem:
1206 2399 1474 2481 dyworto
1517 2421 1684 2464 mam
1730 2399 1905 2466 boma
1943 2421 2094 2486 qrae
2140 2401 2249 2485 (ab
2282 2423 2357 2466 eo
2404 2399 2461 2465 si
2492 2399 2761 2464 habeam
2789 2391 3086 2482 gratiam)
3118 2390 3197 2457 Ο.
3230 2389 3421 2456 2077.

487 2522 593 2564 ma
633 2521 717 2584 ny
753 2498 826 2584 yl
866 2497 1058 2580 bones,
1099 2520 1205 2564 ma
1245 2521 1329 2584 ny
1366 2501 1438 2585 μὶ
1478 2500 1578 2565 bos
1621 2501 1714 2585 (si
1753 2523 1885 2567 non
1910 2509 2127 2586 potest
2152 2500 2328 2585 esse)
2372 2500 2455 2566 D.
2494 2500 2673 2565 1069.
2710 2498 2891 2562 1090.
2944 2519 3049 2560 ma
3092 2515 3175 2578 ny
3211 2491 3439 2577 yaffaf

491 2600 791 2686 branchys
833 2623 943 2663 vas
985 2600 1074 2684 (si
1115 2624 1249 2667 non
1287 2601 1610 2668 inveniam
1650 2625 1863 2669 ramos
1908 2602 2144 2686 bonos)
2187 2600 2272 2667 D.
2318 2605 2461 2666 249.
2551 2601 2657 2667 Ad
2698 2599 2865 2665 hanc
2908 2591 3423 2662 coniunctionem

486 2700 764 2788 pertinet
813 2700 1082 2768 formula
1133 2703 1523 2770 adverbialis
1578 2716 1881 2769 mmmm
1931 2702 2293 2788 (fortasse):
2352 2727 2486 2789 pap
2538 2702 2768 2787 cowyth
2819 2701 2879 2764 ol
2915 2699 3228 2784 prydyrys
3282 2715 3427 2756 mar

493 2816 649 2866 tesen
699 2803 844 2888 vyth,
897 2825 986 2888 yn
1040 2824 1085 2888 y
1138 2825 1282 2889 vrye
1321 2807 1605 2893 desmyqy
1655 2827 1810 2890 pren
1864 2827 1973 2870 vae
2020 2806 2127 2890 ple
2151 2807 2233 2888 fo
2288 2805 2759 2891 (unusquisque
2812 2799 3051 2868 sodalis
3108 2796 3428 2881 eogitato3

491 2903 762 2968 fortasse
807 2903 926 2969 erit
967 2904 1036 2969 in
1079 2905 1289 2971 animo
1336 2908 1474 2974 eius
1504 2907 1867 2990 ostendere,
1911 2906 2023 2971 ubi
2069 2907 2153 2972 sit
2182 2908 2368 2973 arbor
2396 2904 2595 2989 bona)
2626 2903 2709 2968 D.
2741 2905 2929 2968 2541.
2986 2901 3107 2986 hay
3144 2921 3233 2984 yn
3258 2917 3431 2960 urna

492 3017 793 3069 marteeen
847 3006 1004 3070 theth
1061 3007 1337 3072 lauarow
1391 3032 1434 3094 y
1475 3009 1684 3074 kresen
1737 3009 1834 3094 (et
1884 3019 2039 3074 tunc
2092 3009 2367 3076 fortasse
2411 3007 2625 3073 verbis
2677 3006 2809 3071 tuis
2854 2997 3291 3083 crederemus)
3334 2997 3429 3064 D.

493 3107 679 3172 2870.
763 3105 868 3172 De
909 3107 1127 3174 formis
1169 3132 1444 3194 marnas,
1487 3132 1658 3176 mars
1702 3110 1891 3196 (nisi)
1934 3111 2125 3198 paulo
2168 3111 2333 3178 infra
2374 3121 2614 3198 agetur.

661 3209 1038 3275 Aremorica
1085 3209 1287 3278 forma
1337 3233 1504 3278 mar:
1575 3235 1715 3277 mar
1765 3233 2032 3297 oompeez
2070 3235 2193 3298 you
2245 3213 2337 3298 (si
2375 3213 2605 3278 falsum
2666 3209 2861 3294 dicis)
2916 3205 3080 3272 Buh.
3134 3204 3271 3284 166,
3322 3203 3427 3266 12.

499 3311 637 3392 172,
674 3312 772 3374 11.
823 3333 966 3374 mar
1006 3313 1192 3376 carhe
1228 3335 1368 3378 men
1409 3315 1552 3379 robe
1593 3315 1795 3399 dezaff
1835 3314 1927 3398 (si
1966 3316 2175 3396 vellet,
2222 3337 2341 3402 ego
2384 3315 2449 3379 id
2481 3314 2695 3378 darem
2726 3311 2817 3396 ei)
2854 3312 2997 3390 164,
3037 3309 3134 3372 14.
3190 3317 3431 3370 tronum

497 3425 564 3477 tu
613 3411 783 3475 arall
821 3433 965 3476 mar
1001 3413 1219 3500 qallaf
1252 3415 1502 3480 bremam
1545 3441 1587 3480 a
1627 3417 1858 3501 menqff
1901 3415 2289 3501 (transgredi
2338 3417 2409 3481 in
2452 3415 2713 3480 alteram
2764 3421 3013 3498 partem
3066 3409 3123 3474 si
3176 3405 3431 3492 poesim

493 3536 666 3579 nunc
705 3513 887 3597 volo)
931 3516 1031 3597 90,
1067 3517 1165 3580 19.
1221 3517 1413 3601 dezaf
1443 3541 1585 3582 mar
1621 3517 1838 3603 qallaf
1873 3540 2023 3582 noas
2060 3541 2243 3581 razas
2284 3541 2378 3582 me
2406 3519 2515 3582 boz
2542 3540 2722 3582 assur
2764 3515 2858 3599 (ei
2900 3513 2959 3580 si
3000 3531 3264 3598 possum
3305 3531 3432 3574 no·-

494 3640 660 3700 cere,
693 3665 708 3680 .
743 3665 758 3680 .
792 3664 809 3680 .
853 3614 1095 3681 affirmo
1137 3619 1356 3703 vobis)
1401 3621 1500 3703 88,
1541 3622 1598 3685 2.
1673 3619 1788 3684 Ma
1841 3631 1907 3684 et
1951 3643 2089 3684 maz
2141 3619 2427 3685 eiusdem
2488 3617 3005 3705 significationis:
3074 3636 3181 3676 ma
3236 3611 3433 3674 lauat·

491 3741 654 3806 qaou
697 3743 740 3784 a
783 3731 838 3782 te
868 3719 1116 3804 prouffe
1161 3720 1249 3805 (si
1295 3722 1451 3788 dicit
1491 3722 1752 3802 falsum,
1798 3744 1949 3786 num
1993 3732 2063 3786 tu
2090 3722 2395 3808 probares
2408 3720 2487 3805 Ρ),
2532 3743 2628 3786 ‘me
2654 3722 2837 3785 car-Ite
2876 3743 2979 3783 ma
3012 3717 3079 3781 be
3106 3737 3211 3781 aes
3254 3712 3432 3798 (vel-

494 3821 618 3886 lem
665 3843 806 3906 ege,
853 3819 910 3886 si
941 3831 1116 3886 esset
1143 3824 1572 3909 commodum)
1621 3825 1759 3905 158,
1798 3825 1895 3888 10.
1932 3826 2029 3888 15.
2082 3847 2188 3888 ma
2230 3823 2411 3906 caffet
2452 3823 2612 3885 dom·
2654 3825 2765 3886 m‘n
2806 3841 3060 3884 recem-o
3106 3817 3197 3900 (si
3238 3817 3429 3880 inve-

493 3923 703 3988 niatur
747 3943 942 4006 aqua,
1000 3932 1070 3986 ut
1123 3947 1262 3989 eam
1303 3923 1786 4010 recuperemus)
1847 3926 1987 4005 100,
2034 3925 2091 3988 9.
2153 3946 2259 3987 ma
2302 3946 2418 3988 nen
2464 3924 2640 3987 laum·
2690 3945 2798 3988 ma
2839 3945 2957 3985 nen
2992 3922 3240 4007 piniqer
3281 3931 3433 4002 quet

495 4026 587 4110 (si
629 4024 796 4104 eine,
837 4025 1118 4109 peccati,
1173 4049 1301 4091 non
1346 4029 1419 4092 fit
1457 4026 1696 4092 lavatio
1741 4035 1805 4090 et
1847 4025 2257 4112 paenitentia,
2305 4035 2407 4090 est
2448 4023 2799 4108 damnatio)
2858 4023 2960 4104 66,
3005 4023 3067 4088 6.
3135 4043 3241 4084 nez
3286 4041 3435 4082 vezo

493 4138 637 4213 quet
660 4175 675 4190 .
705 4175 718 4188 .
747 4175 762 4189 .
789 4125 875 4190 da
915 4130 1186 4210 quentaf
1213 4149 1320 4192 ma
1361 4153 1437 4193 ne
1472 4129 1732 4215 yolo-has
1764 4128 1857 4191 dit
1898 4128 2060 4212 (non
2102 4127 2369 4193 habebis
2390 4177 2408 4208 ,
2454 4127 2581 4191 nisi
2624 4126 2899 4211 primum
2940 4125 3053 4190 tibi
3100 4123 3425 4201 lavavero,

493 4227 725 4316 pedes)
767 4225 907 4292 MJ.
937 4227 1018 4290 52
1033 4228 1096 4291 b.
1149 4251 1288 4294 maz
1327 4231 1528 4316 pliohe
1563 4242 1721 4316 qaut
1760 4231 1871 4294 doe
1908 4232 2059 4315 yuir
2097 4250 2244 4294 roem
2284 4242 2409 4292 oter
2431 4278 2446 4293 .
2473 4277 2487 4292 .
2515 4278 2530 4292 .
2561 4251 2655 4292 me
2692 4250 2853 4314 yray
2894 4251 3009 4290 ven
3052 4223 3142 4308 (si
3166 4223 3433 4308 placeat

497 4333 616 4397 deo
661 4352 816 4397 vero
855 4329 998 4413 regi
1042 4329 1383 4412 stellarum,
1427 4333 1657 4398 faciam
1699 4331 1965 4415 votum),
2010 4353 2149 4395 maz
2192 4332 2405 4396 careclz
2447 4331 2603 4394 soler
2642 4353 2747 4394 ma
2788 4339 3092 4413 quemeret
3134 4347 3197 4388 ez
3228 4325 3433 4388 raban

496 4433 586 4518 (si
628 4432 840 4500 velitis
881 4453 982 4495 me
1024 4431 1328 4518 recipere,
1373 4433 1629 4519 faciam)
1671 4432 1835 4498 Buh.
1893 4434 1987 4514 18,
2018 4435 2078 4496 4.
2126 4434 2225 4514 20,
2258 4435 2317 4497 4.
2406 4431 2683 4499 Cornico
2726 4442 3030 4494 martesen
3074 4426 3431 4512 respondet

495 4545 754 4600 marteee
795 4523 1034 4617 (forte,
1079 4526 1351 4621 forsan')
1395 4535 1579 4604 Gath.

624 4635 858 4704 Corn.
903 4658 1050 4721 may
1095 4637 1262 4723 (ma)
1303 4639 1574 4704 relativa
1616 4639 2011 4706 coniunctio:
2073 4637 2190 4701 Ilm
2232 4636 2330 4699 c‘st
2373 4660 2461 4720 yn
2495 4658 2637 4721 pow
2680 4657 2823 4718 may
2868 4634 2963 4696 the
3017 4633 3090 4716 ef
3132 4653 3174 4693 a
3225 4653 3437 4716 eawye

496 4763 584 4805 an
621 4739 873 4825 qlevyon
918 4738 1002 4823 (I.
1051 4737 1201 4805 Chr.
1247 4739 1316 4803 in
1357 4739 1637 4826 regione,
1682 4761 1810 4826 quo
1840 4741 1990 4821 ibat,
2036 4739 2329 4805 salvabat
2356 4737 2681 4824 aegrotos)
2714 4735 2787 4800 P.
2822 4738 2922 4815 25,
2962 4741 3013 4801 l.
3066 4757 3157 4819 yn
3198 4733 3253 4795 Ie
3279 4753 3433 4817 may

499 4841 642 4906 then
664 4890 680 4904 .
708 4890 721 4904 .
747 4891 761 4904 .
797 4861 892 4904 me
933 4863 1004 4904 αε
1048 4841 1296 4905 darevas
1338 4842 1730 4927 (ubicunque
1776 4864 1947 4907 eram
1994 4843 2403 4927 [quocunque
2446 4838 2684 4919 ibam?]
2732 4837 3055 4923 publicavi
3102 4859 3243 4917 eos,
3291 4858 3431 4901 ser-

497 4943 751 5028 mones)
781 4943 881 5024 79,
915 4944 972 5008 3.
1027 4964 1100 5007 en
1125 4942 1276 5029 yytk
1300 4991 1315 5005 .
1342 4991 1359 5006 .
1389 4992 1402 5005 .
1432 4965 1577 5030 may
1607 4943 1800 5027 senne
1841 4943 1981 5008 illies
2020 4965 2199 5028 sopye
2241 4942 2415 5026 (dies
2460 4963 2585 5027 quo
2629 4941 2889 5005 volebat
2914 4938 2968 5002 Ι.
3016 4939 3278 5022 cenare)
3323 4942 3432 5018 41,

499 5045 560 5111 3.
607 5067 692 5109 απ
735 5056 973 5131 ter-myra
1011 5066 1082 5108 re
1123 5045 1268 5108 deve
1309 5065 1456 5132 may
1481 5045 1636 5132 syth.
1677 5067 1762 5109 cm
1805 5043 1969 5133 beyel
2008 5043 2201 5130 kyllys
2244 5044 2527 5131 (tempus
2567 5042 2761 5125 venit,
2809 5063 2937 5128 quo
2978 5049 3201 5126 pastor
3240 5041 3435 5106 amit-
