3717 5642
541 387 746 456 XXX
811 389 1242 456 (XLIII-XLV)
1625 409 2005 458 susurro
2047 409 2401 460 Anoroms.

545 577 822 662 scriptor
861 579 1179 644 recentior
1221 579 1679 644 recentioribus
1721 579 2095 665 plerumque
2138 580 2629 659 commutaverit,
2672 579 2861 646 facile
2890 579 3283 663 crediderim,
3328 597 3462 648 tam

544 687 626 752 ob
673 687 850 754 locos
894 688 1002 752 hic
1043 689 1178 754 illic
1221 711 1454 754 vacuos
1497 687 1756 754 relictos
1800 714 1838 754 a
1882 689 2373 769 transcribente,
2420 690 2528 776 qui
2574 712 2704 754 non
2742 687 3145 776 intellegeret
3187 701 3459 772 vetusta,

545 821 732 884 quam
797 799 878 863 ob
935 797 1168 864 formas
1219 821 1446 864 vocum
1506 799 1899 884 quarundam
1956 809 2239 866 vetustas
2292 823 2423 866 non
2474 809 2697 865 tactas.
2784 798 2913 866 Sed
2963 823 3087 866 nec
3126 800 3463 866 formarum

545 909 1088 993 grammaticarum
1143 910 1342 974 maior
1389 932 1538 995 pars
1588 931 1712 974 nec
1755 909 1959 974 codex
2014 911 2157 996 ipse
2186 910 2365 988 ,ultra
2406 911 2729 975 saeculum
2774 909 3217 976 duodecimum
3258 931 3465 977 remo·

546 1019 678 1082 veri
729 1027 962 1104 potest.
1047 1019 1174 1084 Est
1213 1020 1484 1086 fortasse
1526 1019 1843 1084 recentior
1886 1021 2105 1102 codex,
2152 1042 2296 1086 cum
2336 1021 2405 1085 in
2451 1043 2528 1086 eo
2572 1020 2661 1086 sit
2700 1041 2907 1086 sermo
2952 1020 3031 1085 de
3073 1019 3463 1088 Normannis

545 1129 786 1214 Anglia
827 1131 1050 1216 potitis
1106 1129 1209 1196 his
1255 1130 1467 1196 verbis
1509 1129 1580 1195 in
1623 1153 1686 1216 p.
1725 1132 1850 1194 17⁶:
1925 1122 2081 1196 ‘tres
2134 1130 2403 1216 legitimi
2446 1129 2683 1196 milites
2726 1131 3225 1215 normannigene
3282 1131 3465 1196 diffae

545 1239 696 1303 mati
741 1249 888 1305 sunt
930 1240 1196 1305 nimium
1238 1239 1508 1306 insidias
1552 1238 1786 1306 fecisse
1834 1239 2157 1307 Willelmo
2200 1240 2461 1326 antiquo
2500 1239 2638 1326 regi
2683 1241 2897 1326 anglie
2941 1251 3089 1327 post
3130 1241 3465 1308 uictoriam

543 1347 818 1414 habitam
861 1351 932 1414 in
973 1351 1200 1437 anglos
1243 1351 1310 1416 in
1355 1349 1558 1438 primo
1602 1341 1985 1416 certamine?
2092 1349 2233 1415 Iam
2276 1349 2557 1416 Owenus
2600 1349 2701 1434 (in
2742 1350 2865 1416 lex.
2912 1349 3013 1416 ed.
3062 1351 3223 1417 1803
3266 1351 3467 1438 praef.

549 1482 612 1545 p.
659 1458 841 1540 VIII,
888 1461 994 1526 ubi
1037 1461 1200 1526 liber
1241 1460 1578 1526 continens
1625 1460 2095 1526 vocabularium
2141 1459 2368 1525 dieitur
2409 1459 2573 1525 liber
2611 1459 3092 1543 Landavensis,
3138 1469 3207 1526 ut
3250 1483 3291 1526 a
3328 1459 3469 1527 Da-

547 1569 684 1634 vies
747 1571 854 1656 qui
900 1572 967 1636 in
1011 1570 1218 1637 lexico
1263 1570 1572 1656 quasdam
1617 1591 1810 1636 voces
1856 1592 1935 1635 ex
1979 1591 2055 1635 eo
2098 1568 2364 1656 profert,
2408 1568 2783 1634 confusione
2826 1569 3049 1654 credo)
3104 1593 3245 1637 eum
3290 1570 3471 1636 attri-

549 1679 690 1745 buit
731 1681 990 1746 saeculo
1047 1681 1440 1747 duodecimo.
1525 1681 1764 1747 Nescio
1807 1680 1988 1762 inde,
2044 1701 2207 1766 quae
2250 1678 2409 1744 ratio
2454 1679 2779 1746 seduxerit
2828 1680 3001 1746 viros
3056 1681 3469 1748 doctissimos

547 1787 844 1855 Courson
887 1800 954 1856 et
996 1791 1424 1877 Villemarque
1439 1838 1458 1872 ,
1513 1801 1583 1856 ut
1623 1790 2007 1857 affirmarent
2050 1788 2307 1875 saepius
2350 1789 2419 1854 in
2463 1788 2764 1875 operibus
2810 1789 2966 1873 suis,
3012 1813 3152 1856 eum
3196 1813 3353 1879 prae
3396 1813 3471 1858 se

545 1895 710 1965 ferre
753 1923 989 1964 annum
1031 1900 1176 1965 882.

715 2009 793 2074 In
837 2009 1044 2076 fronte
1095 2010 1340 2076 codicis
1380 2010 1638 2096 legitur:
1727 2001 2081 2075 ‘Elenchus
2126 2018 2565 2075 contentorum
2618 2008 2686 2074 in
2728 2007 2851 2076 hoc
2894 2011 3137 2077 codice.
3227 2011 3283 2074 1.
3333 2007 3475 2077 Ka-

547 2118 920 2186 lendarium.
1009 2119 1604 2186 2.Vocabu1a1-ium
1646 2119 2335 2198 Latino-Gambricum.
2423 2120 2481 2184 3.
2536 2117 2641 2184 De
2682 2119 2813 2185 situ
2852 2119 3309 2202 Brecheniauc,
3356 2122 3471 2188 ubi

546 2231 858 2315 quaedam
938 2232 1174 2298 veteris
1252 2231 1557 2297 historiae
1633 2230 2029 2299 Cambrieae.
2156 2232 2219 2298 4.
2294 2229 2487 2295 Vitae
2560 2227 2935 2296 Sanctorum
3001 2223 3465 2296 wallensium.³

547 2338 864 2422 Quamvis
907 2342 1014 2406 hic
1061 2341 1292 2406 dicitur
1335 2343 1720 2406 cambricum
1763 2339 2236 2406 vocabularium
2280 2339 2459 2426 (ante
2504 2339 2643 2406 eius
2686 2339 2937 2405 initium
2976 2340 3045 2406 in
3087 2364 3152 2428 p.
3184 2343 3247 2404 7·
3288 2342 3473 2408 codi-

547 2450 644 2516 cis
685 2451 1004 2517 recentior
1043 2473 1270 2516 manus
1313 2450 1684 2537 adscripsit:
1755 2448 2067 2515 Vocabula
2110 2448 2491 2535 britannica)
2504 2499 2521 2530 ,
2568 2449 2825 2516 dubium
2870 2471 3021 2516 esse
3058 2473 3191 2516 non
3232 2459 3471 2536 potest,

545 2560 700 2646 quin
745 2561 830 2628 sit
870 2561 1331 2628 vindicandum
1373 2560 1668 2626 comicae
1712 2559 2005 2625 dialecto.
2089 2558 2168 2625 Id
2198 2561 2435 2646 optime
2476 2560 2608 2626 iam
2652 2559 3111 2626 demonstravit
3136 2559 3473 2645 Llwydius

543 2670 612 2734 in
653 2671 1046 2756 praefatione
1095 2673 1178 2738 ad
1207 2669 1740 2757 Archaeologiam
1783 2668 2437 2736 cornu-britannicam
2478 2669 2713 2736 editam
2754 2693 2797 2735 a
2822 2668 3033 2755 Pryce
3076 2669 3323 2735 duobus
3364 2667 3474 2736 his

543 2781 942 2865 potissimum
985 2783 1375 2866 argumentis
1392 2832 1409 2862 ,
1472 2781 1738 2868 primum
1783 2779 1954 2866 quod
1998 2779 2283 2846 continet
2321 2779 2539 2866 plures
2594 2801 2791 2846 voces
2832 2779 3129 2866 proprias
3172 2779 3476 2846 comicae

551 2891 822 2965 dialecto
867 2904 932 2958 et
971 2892 1332 2977 incognitas
1365 2889 1677 2972 Cambris,
1725 2888 1957 2954 deinde
2000 2889 2153 2974 quia
2188 2889 2408 2954 insunt
2448 2911 2641 2956 voces
2684 2891 2928 2977 aliquot
2970 2889 3261 2976 anglicae
3298 2897 3479 2954 tran-

552 3012 861 3087 sumptae,
907 3025 1173 3089 quarum
1217 2999 1635 3086 transumptio
1679 2999 1816 3064 fieri
1860 3021 1993 3064 non
2018 2999 2226 3086 potuit
2266 3000 2396 3066 nisi
2422 2999 2491 3064 in
2520 3000 2775 3087 Anglia,
2818 3022 2951 3066 non
2994 2998 3182 3081 alibi,
3227 3009 3301 3064 ut
3340 3021 3481 3064 om-

547 3111 700 3176 nino
759 3135 889 3178 non
931 3113 1138 3198 possit
1177 3111 1396 3178 haberi
1453 3109 1885 3177 aremoricum.
1978 3108 2154 3175 Addi
2208 3119 2421 3195 potest
2470 3111 2645 3175 tertii
2700 3109 3061 3196 argumenti
3116 3109 3261 3175 loco
3316 3129 3477 3174 con·

551 3221 871 3304 gruentia,
929 3223 1190 3309 saepius
1232 3231 1578 3286 memorata
1634 3229 1698 3286 et
1740 3218 2048 3305 exemplis
2093 3219 2525 3286 demonstrata
2578 3221 2648 3285 in
2692 3220 2813 3286 hoc
2872 3241 3093 3307 opere,
3148 3219 3219 3283 in
3258 3218 3479 3285 ortho-

553 3329 840 3416 graphia,
889 3355 1055 3419 quae
1097 3331 1412 3396 interdum
1458 3341 1664 3395 tamen
1710 3338 1810 3394 est
1849 3329 2127 3416 propria,
2174 3330 2243 3394 in
2286 3331 2464 3396 sonis
2510 3340 2575 3397 et
2612 3329 2833 3395 formis
2876 3349 3025 3396 cum
3062 3340 3480 3396 monumento

551 3437 722 3505 haud
767 3439 958 3508 dubie
999 3441 1256 3508 cornico
1302 3449 1637 3527 sequente,
1693 3439 1760 3504 in
1803 3461 1931 3526 quo
1985 3439 2141 3504 item
2194 3439 2377 3525 plura
2416 3439 2731 3506 vocabula
2770 3439 3027 3526 anglica
3077 3449 3481 3526 transumpta

551 3549 864 3635 leguntur,
912 3572 1072 3636 quae
1117 3549 1409 3618 Cambris
1453 3550 1709 3615 omnino
1749 3547 1962 3614 aliena
2002 3559 2385 3616 manserunt.
2566 3619 2570 3623 Α

719 3660 1209 3727 Vocabularium
1252 3660 1394 3741 hoc,
1437 3681 1752 3746 nusquam
1794 3658 2067 3725 antehac
2108 3659 2297 3745 plene
2342 3669 2409 3725 et
2447 3669 2621 3725 recte
2660 3659 2837 3747 typis
2880 3681 3253 3745 expressum
3294 3659 3483 3744 (sunt

551 3771 791 3836 omissa
833 3780 900 3836 et
937 3783 1235 3858 corrupta
1275 3770 1472 3836 multa
1512 3768 1681 3855 apud
1722 3767 1931 3855 Pryce
1974 3779 2040 3835 et
2076 3767 2419 3855 Gom-son),
2468 3791 2547 3836 ex
2590 3770 2813 3836 codice
2854 3770 3001 3856 ipso
3046 3768 3363 3856 descripsi
3408 3780 3481 3835 et

553 3889 622 3943 ut
661 3879 893 3966 legitur
933 3881 1004 3946 in
1049 3905 1126 3948 eo
1168 3882 1250 3947 ad
1293 3880 1554 3946 verbum
1597 3880 1662 3944 in
1705 3879 1834 3944 fine
1876 3879 2067 3946 huius
2110 3879 2322 3965 operis
2364 3877 2601 3946 addidi.

721 3993 782 4056 2.
837 3989 1110 4058 Carmen
1163 3992 1243 4058 de
1287 3989 1590 4077 passione
1633 3987 1872 4055 Christi
1914 3989 2239 4055 cornicum
2291 3988 2505 4074 (Pass.
2524 4037 2541 4071 ,
2583 3989 2693 4071 Ρ.,
2748 4013 2788 4056 a
2826 4010 2934 4056 me
2988 3988 3477 4076 significatum),

553 4099 733 4166 euius
777 4110 996 4167 extant
1037 4102 1294 4167 codices
1340 4101 1464 4166 duo
1477 4149 1494 4180 ,
1539 4121 1704 4164 unus
1743 4097 1959 4164 Musei
1990 4099 2351 4181 britannici,
2396 4100 2555 4166 alter
2594 4099 3019 4167 bibliothecae
3055 4097 3476 4166 Bodleianae.

555 4210 958 4278 Translatum
1017 4220 1117 4277 est
1177 4211 1246 4275 in
1299 4209 1621 4296 anglicum
1679 4229 2035 4274 sermonem
2086 4233 2145 4276 a.
2192 4210 2353 4275 1682
2419 4231 2460 4274 a
2506 4208 2647 4275 viro
2703 4207 3061 4275 Cornubiae
3122 4208 3483 4276 habitatore

555 4321 741 4388 docto
796 4322 936 4388 Ioh.
979 4321 1310 4407 Keigwin,
1380 4319 1488 4406 qui
1540 4318 1662 4384 fuit
1711 4319 1876 4386 inter
1916 4319 2172 4386 ultimos
2216 4320 2387 4386 viros
2432 4319 2711 4406 perfecte
2766 4339 3000 4404 gnaros
3040 4318 3299 4405 linguae
3338 4329 3484 4386 tum

555 4431 678 4496 iam
727 4433 1112 4498 emorientis.
1201 4430 1356 4496 Tam
1400 4429 1696 4496 coi-nicus
1749 4438 1963 4496 textus
2006 4451 2193 4515 quam
2238 4429 2449 4496 versio
2494 4429 2748 4515 anglica
2798 4451 2837 4495 e
2879 4428 3129 4496 duobus
3171 4429 3323 4494 item
3366 4451 3483 4496 co-

555 4541 804 4610 dicibus
849 4541 1084 4629 prodiit
1123 4563 1290 4606 anno
1341 4541 1502 4606 1826
1545 4539 1847 4606 Londinii
1892 4539 2011 4605 sub
2053 4540 2269 4607 titulo:
2328 4534 2583 4606 ‘Mount
2624 4537 2923 4626 Calvary,
2968 4561 3041 4605 or
3078 4539 3189 4605 the
3226 4538 3485 4626 history

556 4651 626 4718 of
661 4652 769 4719 the
813 4653 1097 4740 passion,
1145 4649 1352 4732 death,
1399 4649 1524 4716 and
1565 4649 1991 4717 resurrection
2034 4650 2105 4716 of
2140 4673 2257 4716 our
2296 4649 2471 4716 Lord
2512 4651 2638 4716 and
2682 4649 2955 4716 Saviour
2992 4648 3188 4716 Jesus
3232 4647 3483 4716 Christ.

559 4761 834 4828 Written
877 4765 945 4828 in
975 4761 1254 4830 Cornish
1297 4760 1400 4845 (as
1443 4761 1496 4824 it
1537 4783 1680 4846 may
1725 4759 1804 4826 be
1835 4758 2272 4846 conjectured)
2319 4782 2495 4826 some
2526 4760 2845 4826 centuries
2872 4769 3038 4846 past,
3082 4758 3485 4845 interpreted

453 4870 460 4876 ’
553 4873 621 4936 in
663 4873 770 4938 the
815 4871 1064 4960 english
1109 4883 1348 4956 tongue
1389 4871 1458 4936 in
1500 4871 1609 4936 the
1650 4891 1802 4955 year
1836 4871 1997 4934 1652
2042 4871 2129 4956 by
2170 4869 2343 4936 John
2386 4869 2789 4956 Keigwin,
2834 4865 3027 4936 Gent-
3108 4867 3347 4935 Edited
3390 4870 3485 4957 by

554 4981 800 5048 Davies
843 4973 1190 5050 Gilbert?

727 5092 898 5159 Male
952 5103 1124 5158 certe
1185 5114 1254 5156 se
1311 5091 1502 5158 habet
1553 5089 1846 5156 comicus
1900 5099 2112 5155 textus
2171 5089 2357 5156 huius
2414 5090 2745 5172 editionis,
2802 5099 2929 5156 tam
2980 5087 3178 5170 male,
3242 5099 3313 5154 ut
3368 5091 3489 5156 vix

555 5203 764 5288 possit
814 5203 1022 5284 credi,
1090 5201 1546 5270 correctionem
1577 5222 1748 5268 esse
1801 5201 2035 5268 factam
2098 5201 2164 5268 in
2220 5223 2299 5268 eo
2352 5201 2456 5270 vel
2512 5199 2935 5288 sphalmatum
2984 5197 3485 5288 typothetarum.
