3717 5642
587 339 665 406 V.
717 343 770 405 l.
835 359 1202 408 nnmva'rio
1245 359 1535 408 GAmeA
1577 361 1666 410 ur
1707 361 2078 408 mamma
2120 359 2569 419 noviomum.
2622 347 2759 404 (⁷28.
2787 349 2913 410 729)
2988 348 3107 411 767

213 524 554 591 cedentibus
609 534 718 590 aut
761 527 1206 614 sequentibus:
1272 525 1607 594 Caracalla
1650 520 1869 612 (Aur.
1914 530 2281 595 Antoninus
2320 529 2679 598 Bassianus
2730 529 3085 610 Caracalla,

211 623 476 710 Lugduni
517 627 792 710 genitus,
839 651 982 694 cum
1027 651 1062 694 e
1105 628 1321 696 Gallia
1365 639 1608 696 vestem
1651 631 1989 718 plurimam
2018 631 2402 713 devexisset,
2434 683 2449 695 .
2477 683 2489 696 .
2520 682 2535 696 .
2568 633 2648 699 de
2690 634 2947 700 nomine
2989 635 3105 700 hu-

208 727 360 792 iusce
398 729 598 794 vestis
643 728 977 796 Caracalla
1019 731 1500 818 cognominatus
1546 723 1694 815 est’)
1750 732 1969 798 Aurel.
2023 732 2181 798 Vict.
2228 732 2379 818 epit.
2428 755 2482 798 c.
2529 735 2629 798 21.
2727 735 3105 802 Avallocius

211 827 364 893 vicus
408 828 602 916 Greg.
636 831 784 896 Tur.
817 836 874 914 4,
907 835 1008 900 50.
1068 833 1384 900 Aballone
1429 835 1580 919 (loc.
1629 833 1837 918 Gall.)
1881 835 2028 900 Itin.
2076 835 2225 898 Ant.
2291 834 2612 900 Aballava
2654 835 2843 920 (Brit.
2892 836 3103 920 locus)

205 929 380 996 Inscr-
426 956 527 1018 ap.
558 933 776 1001 Petris
818 935 870 1000 I.
917 959 978 1021 p.
1027 933 1274 1004 CXIX.
1361 935 1564 1001 ELL-
1606 935 1722 1019 (in·
1746 935 2069 1000 femininis
2112 936 2487 1020 praesertim
2534 937 2975 1020 deminutivis,
3036 951 3107 1003 ut

209 1033 490 1119 videtur):
537 1034 816 1102 Mosella
843 1036 951 1122 (cf.
984 1035 1222 1121 Mosa).
1288 1025 1590 1110 Οἴᾷελλα
1623 1035 1870 1124 (oppid.
1904 1036 2095 1120 Brit.)
2124 1036 2289 1102 Ptol.
2320 1037 2635 1104 Maurella
2660 1039 2857 1122 (nom.
2888 1063 3099 1126 propr.

204 1133 355 1218 fem.)
395 1135 640 1202 Mabill.
687 1139 836 1225 dipl.
885 1140 1093 1226 suppl.
1143 1161 1201 1226 p.
1230 1139 1329 1204 93.
1381 1138 1532 1203 villa
1573 1138 1842 1218 Nivella,
1887 1137 2053 1203 Boll.
2097 1137 2217 1204 Iul.
2252 1139 2307 1218 3,
2341 1141 2441 1204 61.
2488 1139 2667 1206 locus
2717 1139 2824 1226 qui
2872 1141 3105 1206 dicitur

207 1233 486 1302 Mol-sella
544 1239 792 1325 (Belg.;
848 1241 926 1306 cf.
969 1239 1280 1306 Mursella
1325 1247 1388 1304 et
1429 1237 1679 1319 Mursa,
1739 1239 2027 1304 Pannon.
2084 1239 2204 1304 loc.
2260 1238 2327 1302 in
2372 1239 2517 1328 15.ss-
2576 1241 2793 1325 Ant),
2852 1241 3098 1310 Mabill.

205 1361 347 1404 saec.
379 1343 436 1407 3.
475 1345 532 1422 1,
571 1343 666 1407 17.
706 1345 801 1408 18.
871 1341 1167 1408 Vincella
1196 1341 1422 1425 (super
1463 1341 1524 1406 fl.
1566 1340 1891 1421 Icaunum,
1935 1339 2085 1406 hod.
2128 1339 2447 1420 Vincelle)
2494 1342 2645 1428 dipl.
2680 1366 2735 1407 a.
2770 1345 2911 1424 634,
2958 1344 3101 1409 Ma-

209 1438 318 1504 bill.
363 1441 512 1527 dipl.
561 1467 624 1530 p.
656 1445 801 1510 465.
849 1444 1012 1510 silva
1038 1441 1364 1510 forestella
1406 1440 1498 1527 (p.
1533 1442 1662 1525 79).
1747 1440 1956 1507 Plur.:
2000 1439 2333 1506 Vercellae
2374 1441 2539 1508 Plin.
2574 1447 2631 1522 3,
2672 1447 2767 1508 17.
2830 1444 3101 1522 Venelli,

213 1533 542 1604 Οὗένελλοι
589 1545 788 1629 (nom.
834 1544 1074 1630 gentis)
1121 1537 1310 1610 Caes.
1345 1541 1510 1606 Ptol.
1567 1540 1860 1628 Vipellis,
1908 1541 2211 1608 Viscellis
2256 1543 2523 1626 (Noric.‚
2574 1544 2894 1632 Pannon.)
2942 1547 3100 1618 Tab.

209 1640 366 1706 Peut.
445 1643 678 1711 Porro:
763 1644 1235 1712 Uxellodunum
1279 1641 1469 1711 Caes.
1515 1643 1696 1709 locus
1752 1641 2051 1710 Oscellus
2108 1643 2203 1727 (in
2251 1644 2585 1729 Sequanae
2638 1647 2879 1731 insula)
2934 1647 3099 1714 Boll.

207 1741 336 1808 Mai.
365 1747 596 1826 6,·803.
647 1745 1083 1832 (Conferenda
1111 1769 1253 1812 cum
1283 1744 1414 1810 his:
1461 1745 1766 1830 capellus,
1797 1745 2064 1830 capella,
2112 1743 2421 1831 capellum
2467 1746 2703 1831 (minor
2732 1769 2909 1835 capa,
2954 1761 3097 1836 teg-

207 1857 472 1928 mentum,
517 1849 664 1934 gall.
711 1848 856 1914 hod.
891 1849 1183 1934 chapeau,
1231 1847 1470 1934 pileus)
1515 1870 1616 1932 ap.
1649 1845 1875 1932 Cang.,
1923 1868 1962 1911 a
2004 1867 2128 1932 quo
2170 1869 2301 1912 non
2346 1846 2632 1914 dissedet
2674 1847 3101 1936 Capellatium

205 1945 318 2026 (vel
355 1947 564 2032 Palas,
611 1973 847 2016 nomen
891 1949 1192 2036 regionis,
1238 1949 1280 2014 i.
1313 1971 1368 2014 e.
1411 1947 1634 2013 limitis
1678 1948 1929 2033 imperii
1970 1947 2218 2012 romani
2263 1950 2579 2034 quondam
2622 1950 3097 2037 transrhenani)

202 2049 380 2115 Amin.
413 2053 508 2132 18,
544 2052 634 2137 2.)
723 2051 900 2118 ILL-
943 2050 1054 2136 (cf.
1099 2049 1519 2116 deminutiva:
1565 2050 1836 2133 reyillua
1884 2049 1965 2134 gl.
1998 2050 2277 2134 regulus,
2324 2050 2407 2136 gl.
2454 2050 2611 2117 Isid.
2656 2053 2949 2135 remillus,
2994 2078 3095 2120 re-

205 2151 402 2234 mulus,
449 2175 686 2240 parvus
728 2175 958 2235 remus,
1003 2153 1159 2219 Lex.
1193 2161 1318 2218 vet.
1365 2175 1444 2238 ap
1499 2151 1578 2214 A.
1611 2149 1764 2214 Mai.
1823 2153 2011 2214 Auct.
2046 2150 2233 2214 class.
2267 2151 2325 2232 8,
2359 2152 2531 2235 505),
2580 2151 3101 2240 frequentissima

204 2251 477 2321 derivatio
522 2256 847 2332 nominum
891 2256 1286 2342 propriorum
1331 2275 1522 2319 masc.
1571 2261 1634 2316 et
1675 2251 1850 2316 fem:
1918 2249 2275 2332 Roscillus,
2322 2251 2647 2336 Celtillus‚
2692 2255 3094 2338 Adbucillus,

203 2351 486 2424 Procillus
533 2355 754 2438 Caes„
802 2355 1144 2436 Toutillus,
1192 2355 1552 2420 Troucillus
1573 2403 1588 2434 ,
1637 2350 1945 2433 Sorillus,
1990 2353 2289 2434 Hormus,
2338 2353 2647 2440 Capillus,
2694 2355 2988 2424 Pistillus
3028 2359 3099 2424 in

199 2454 490 2544 Inscriptt.
537 2483 638 2546 ap.
683 2458 896 2540 Grut.,
941 2458 1277 2540 Murator.,
1325 2455 1520 2523 Orell.
1606 2453 1658 2520 F
1665 2454 1973 2520 eminina:
2040 2454 2317 2521 Busa-illa
2356 2455 2557 2522 Inscr.
2614 2455 2893 2538 Fadilla,
2938 2459 3097 2526 Pro·-

203 2558 330 2623 cilla
365 2560 452 2644 (N
455 2561 852 2648 emausensis
896 2558 1181 2646 generis)
1228 2558 1571 2646 Capitolin.
1617 2559 1856 2622 Anton.
1903 2555 1976 2620 P.
2008 2579 2064 2624 c.
2102 2561 2157 2622 1.
2222 2555 2477 2638 Livilla,
2521 2555 2808 2624 Drusilla
2838 2559 3095 2628 Sueten.

204 2657 378 2747 Calig.
411 2667 467 2728 7.
503 2666 628 2740 24.,
653 2662 944 2744 Babilla,
987 2662 1300 2743 Vindilla,
1347 2659 1738 2746 Excingilla,
1787 2657 2078 2726 Gabrilla
2122 2670 2241 2725 etc.
2286 2659 2355 2724 in
2398 2657 2717 2745 Inscriptt.
2806 2659 2953 2725 Non
2994 2661 3095 2726 in-

201 2761 470 2850 frequens
513 2767 738 2831 eadem
778 2763 1052 2830 formula
1091 2764 1156 2828 in
1205 2761 1443 2850 duplici
1489 2761 1884 2828 derivatione
1928 2783 2074 2826 cum
2115 2759 2377 2846 liquidis
2420 2761 2523 2826 vel
2564 2760 2895 2826 tenuibus:
2965 2759 3093 2829 Ca-

201 2865 434 2931 varillus
465 2865 658 2934 Caes.
725 2865 1060 2944 Otacilius,
1103 2864 1381 2932 Otacilia
1422 2864 1623 2931 Inscr.
1670 2861 1868 2929 Orell.
1909 2862 2050 2926 373.
2122 2860 2481 2942 Varicillus,
2526 2861 2921 2943 lovincillus,
2970 2861 3097 2930 Ca-

208 2967 472 3032 rantillus
513 2967 720 3034 Inscr.
767 2967 949 3034 Grut.
996 2977 1060 3032 et
1099 2965 1331 3033 Murat.
1403 2964 1738 3052 Mogetilla
1781 2963 1977 3028 Inscr.
2025 2962 2251 3047 (Beitr.
2281 2961 2614 3046 111..353).
2690 2961 3095 3030 Cabillonum

211 3063 372 3132 Caes.
457 3067 666 3134 ULL-
723 3071 890 3136 sicut
929 3067 1350 3154 praecedens:
1421 3065 1734 3132 Marullus
1793 3062 1986 3129 inscr.
2032 3063 2229 3130 Orell.
2274 3065 2460 3130 4019.
2542 3063 2837 3129 Sabullus
2898 3063 3088 3132 Grut.

209 3168 364 3250 1003,
401 3175 450 3233 1.
532 3169 808 3238 Titullns
861 3170 1094 3236 Murat.
1141 3171 1322 3251 1501,
1367 3171 1424 3232 7.
1504 3165 1795 3234 Catullus
1849 3162 2322 3247 (Tricassinus,
2379 3164 2804 3248 Vesontinus)
2856 3165 3091 3233 Murat.

204 3269 360 3348 1068,
385 3272 442 3334 7.
491 3269 691 3338 Orell.
723 3273 907 3338 2064.
978 3269 1342 3338 Germullus
1373 3268 1554 3336 Grut.
1587 3269 1730 3348 955,
1767 3267 1865 3332 12.
1912 3264 2253 3350 Cintullus,
2278 3265 2613 3334 Centullns
2642 3265 2873 3332 Murat.
2908 3268 3091 3350 1281,

200 3371 248 3432 6.
324 3369 682 3439 Feminina:
723 3371 1000 3438 Marulla
1029 3369 1226 3437 Orell.
1259 3371 1443 3436 5060.
1495 3369 1783 3454 Magulla
1812 3365 1997 3433 Grnt.
2030 3369 2172 3450 912,
2219 3369 2315 3434 10.
2374 3367 2611 3434 Titulla
2638 3367 2869 3462 Mutat.
2909 3371 3091 3450 1501,

199 3475 265 3551 63
305 3495 436 3537 cum
465 3475 595 3539 alia
623 3473 1044 3539 derivatione:
1089 3471 1486 3554 Bellatullus,
1518 3470 1836 3537 Belatulla
1865 3467 2060 3534 Orell.
2096 3469 2238 3533 287.
2270 3469 2454 3534 4983.
2508 3469 2870 3536 Caratullus
2902 3469 3089 3538 Grut.

198 3572 320 3652 862,
358 3578 414 3640 2.
505 3574 590 3640 In
643 3573 1004 3641 nominibus
1059 3575 1372 3638 locorum:
1437 3570 1706 3640 Cuculle
1765 3571 1999 3656 (prope
2038 3569 2375 3651 Iuvavum3
2440 3569 2518 3635 cf.
2578 3569 3085 3652 bardocucullus,

199 3671 440 3740 Trebell.
481 3675 652 3744 Poll.
697 3675 850 3741 Div.
898 3673 1125 3742 Claud.
1171 3697 1226 3740 c.
1266 3677 1362 3754 17,
1407 3674 1642 3740 cuculli
1685 3672 1999 3754 bardaici,
2048 3671 2390 3757 Capitolin.
2436 3671 2683 3738 Pertin.
2728 3693 2781 3736 c.
2816 3671 2887 3756 8)
2931 3670 3089 3738 Tab.

197 3773 356 3840 Peut.
418 3773 824 3840 Μέδουλλον
867 3773 1162 3860 (Raetiae
1206 3775 1454 3864 oppid.)
1497 3773 1664 3842 Ptol.
1754 3773 2143 3841 Praevalent
2184 3774 2353 3839 sicut
2390 3773 2459 3838 in
2504 3771 2779 3858 simplici
2822 3773 2973 3840 item
3014 3773 3085 3838 in

198 3877 486 3960 geminata
527 3875 922 3943 derivatione
968 3878 1228 3943 vocales
1269 3878 1300 3939 i
1340 3885 1407 3942 et
1445 3901 1488 3941 u
1531 3877 1710 3942 iuxta
1738 3901 1809 3958 a;
1857 3897 1998 3941 cum
2042 3897 2073 3939 e
2114 3884 2249 3939 tum
2292 3895 2345 3955 0,
2393 3895 2554 3960 quae
2600 3881 2699 3940 est
2740 3873 3085 3956 rarissima,

199 3998 264 4042 ex
297 3978 420 4044 illis
459 3987 904 4065 transgressae
945 3976 1150 4044 videri
1190 3985 1506 4064 poterunt.

333 4183 634 4249 Hibern
653 4180 783 4246 ica
825 4188 1080 4248 vetusta
1109 4181 1405 4267 exempla
1431 4181 1818 4246 concordant
1859 4199 2005 4243 cum
2034 4175 2285 4261 gallicis
2327 4175 2637 4244 hactenus
2680 4177 3086 4244 enumeratis.

339 4287 408 4370 a)
463 4281 752 4370 Simplex
793 4283 846 4348 L
891 4305 1022 4348 non
1064 4281 1444 4350 intermedia
1485 4283 1692 4348 vocali
1749 4283 1828 4348 ad
1874 4281 2151 4348 radicem
2206 4279 2411 4344 vocali
2456 4278 2855 4344 terminatam
2902 4299 3085 4344 acce·

199 4386 320 4452 dere
357 4387 610 4452 videtur
651 4383 720 4450 in
763 4383 1038 4450 themate
1080 4383 1322 4449 verbali
1368 4382 1488 4463 bal,
1535 4383 1652 4464 hel,
1701 4383 1869 4448 unde
1910 4382 2060 4468 epil,
2106 4379 2301 4443 achaic
2343 4380 2570 4466 (perit)
2612 4389 2735 4446 etc.
2790 4403 2827 4446 e
2867 4379 3083 4446 radice

199 4485 256 4548 ba
303 4487 544 4572 (ωσι-ἰ),
621 4485 792 4552 sicut
851 4487 920 4551 iu
979 4485 1180 4551 subet.
1233 4494 1438 4550 neutr.
1479 4485 1556 4548 eil
1609 4484 1891 4569 (semen)
1944 4481 2095 4549 Wb.
2146 4481 2235 4564 4⁶,
2294 4504 2435 4568 gen.
2474 4481 2553 4544 sil
2611 4483 2730 4547 15⁴.
2836 4483 3083 4548 Eadem

199 4599 318 4670 post
355 4610 674 4654 consonas
717 4589 896 4674 ipsas
937 4586 1326 4673 frequentior
1369 4594 1470 4652 est
1509 4584 1576 4649 in
1618 4583 2037 4652 substantivis
2078 4581 2519 4650 desinentibus
2562 4582 2631 4648 in
2672 4583 2785 4648 -lez
2832 4583 3083 4648 malacae

198 4687 298 4772 (gl.
347 4689 618 4775 gibbus)
689 4689 794 4776 Sg.
839 4691 960 4755 22¹.
1048 4689 1234 4752 tuthle
1299 4686 1422 4772 (gl.
1476 4687 1742 4772 gibbus,
1813 4685 1899 4772 gl.
1956 4685 2224 4768 cancer)
2293 4683 2397 4748 Pr.
2454 4683 2561 4750 Cr.
2607 4688 2687 4752 9⁴.
2758 4683 2903 4750 Wb.
2956 4685 3079 4750 30⁵.

195 4789 373 4856 saulae
435 4789 570 4876 (gl.
628 4789 850 4873 calx),
925 4789 1104 4854 oertle
1167 4787 1290 4874 (gl.
1346 4787 1640 4874 glomus)
1697 4787 1804 4873 Sg.
1864 4787 1985 4851 50⁵.
2028 4787 2148 4850 70⁶.
2230 4786 2425 4850 ser-ela
2488 4785 2615 4872 (gl.
2674 4785 3079 4867 irritamenta,

199 4892 376 4978 gulae)
419 4896 554 4974 63⁸3
619 4892 998 4978 praesertim
1053 4890 1122 4956 in
1173 4890 1512 4956 abstractis
1554 4888 1728 4954 fem.:
1793 4887 2175 4950 isimuaiclzli
2226 4885 2341 4970 (gl.
2399 4885 2467 4950 in
2510 4887 2771 4969 astutia,
2826 4886 3082 4974 sapien-

197 5002 292 5074 tes3
361 4997 484 5063 adi.
541 4993 820 5077 machil)
881 4991 1022 5058 Wb.
1067 4993 1146 5056 8⁶.
1218 4995 1358 5058 eccli
1408 4991 1534 5078 (gl.
1597 4989 2065 5069 animositates;
2114 4989 2299 5066 eotal,
2358 4989 2697 5074 superbus,
2753 5010 3079 5072 arrogans,

199 5093 438 5184 O’Dav.)
497 5099 644 5166 Wb.
701 5097 817 5162 18·.
894 5095 1242 5160 ieiunat-latu
1311 5110 1367 5161 et
1415 5094 1769 5158 vitiatkamli
1815 5093 1912 5154 (1ιὲ
1966 5090 2081 5178 (gl.
2136 5091 2205 5154 in
2260 5090 2464 5156 forma
2514 5089 2645 5171 dei,
2704 5111 2847 5154 cum
2904 5099 3080 5156 esset
