3717 5642
894 360 1010 431 VI.
1057 366 1115 431 2.
1190 381 1665 433 consutum-10
1708 384 1998 433 rou-rica
2043 383 2433 433 uma-amca.
2645 370 2924 432 (917-918)
2989 367 3114 434 939

176 550 641 615 consonantiae
689 550 917 617 eodem
959 550 1171 633 modo,
1217 574 1342 637 quo
1388 552 1785 619 monosticha
1814 553 2194 621 Columbani
2225 552 2500 621 Hiberni
2543 576 2692 619 mox
2717 552 3113 639 proferenda,

172 648 556 715 hexametro
608 652 806 717 latino
850 652 1232 741 composita,
1278 654 1700 720 consonantia
1746 665 1998 721 vetusta
2038 654 2370 721 hibernica
2409 655 2634 721 induta
2675 665 2841 723 sunt.
2942 653 3115 722 Gon-

172 751 363 817 traho
408 752 515 818 hic
559 753 959 840 stropharum
1003 764 1347 842 quaternos
1392 755 1744 823 versiculos
1789 756 2258 823 hiber-nieorum
2303 754 2611 838 codicum⁸
2648 779 2822 823 more
2863 757 2932 821 in
2973 778 3116 822 ver-

174 876 293 921 sus
339 854 562 936 binos,
619 878 882 941 quorum
936 854 1191 940 singula
1244 853 1648 923 hemistichia
1704 868 1856 923 sunt
1911 867 2281 925 octonarum
2338 854 2750 942 syllabarum,
2807 867 2871 923 et
2929 856 3116 943 signo

172 956 694 1023 allitterationem
736 957 1023 1039 lineolis,
1067 956 1298 1022 litteris
1342 955 1667 1025 inclinatis
1722 958 2209 1025 consonantiam
2258 957 2546 1039 finalem,
2604 968 2671 1023 ut
2726 959 2794 1023 in
2855 958 3115 1025 exordio

172 1058 403 1145 hymni
448 1070 827 1145 martyrum:

737 1178 995 1237 Aeterna
1032 1174 1251 1235 Christi
1279 1186 1288 1257 1
1318 1195 1561 1239 munera
1584 1196 1601 1263 Η
1628 1188 1686 1241 et
1717 1190 1723 1257 1
1754 1184 2080 1258 martyrum
2118 1177 2408 1251 victorias,

746 1284 753 1352 Ι
782 1270 1007 1330 Laudes
1047 1271 1293 1331 ferentes
1332 1272 1575 1348 debitas,
1604 1282 1621 1350 η
1646 1278 1652 1345 l
1686 1275 1855 1334 laetis
1896 1292 2165 1333 canamus
2201 1272 2508 1345 mentibus,

745 1366 753 1433 Ι
783 1364 1175 1425 Ecclesiarum
1213 1366 1516 1443 principes,
1546 1364 1561 1430 ¹.
1590 1368 1727 1426 belli
1766 1366 2143 1445 triumphales
2181 1366 2368 1439 duces,

741 1458 1026 1519 Caelestis
1056 1466 1064 1533 Ι
1095 1458 1261 1517 aulae
1294 1458 1301 1527 ξ
1330 1458 1557 1535 milites,
1582 1470 1601 1537 ξ’
1628 1467 1686 1521 et
1723 1482 1864 1521 vera
1895 1470 1902 1540 1
1932 1460 2134 1520 mundi
2171 1460 2414 1529 lumina,

744 1552 987 1612 Terrore
1028 1553 1181 1612 victo
1212 1554 1218 1622 ξ
1251 1553 1466 1612 saeculi
1490 1554 1507 1622 ἷΙ
1538 1558 1547 1629 Ι
1580 1561 1902 1633 spretisque
1934 1554 1942 1625 Ι
1971 1559 2172 1634 poenis
2212 1558 2462 1630 corporis

740 1646 943 1706 Mortis
975 1646 985 1717 Ι
1014 1665 1211 1707 sacrae
1250 1644 1611 1725 comlpendio
1638 1660 1655 1727 η
1681 1649 1858 1709 vitam
1899 1650 2125 1709 beatam
2155 1646 2162 1715 Ι
2193 1648 2529 1726 poslsident.

352 1758 817 1845 Monosyllaba
868 1768 1111 1828 tantum
1168 1760 1592 1828 consonantia
1644 1760 1892 1843 finalis,
1961 1782 2160 1847 eaque
2215 1760 2496 1827 lateralis
2543 1768 2608 1825 et
2650 1760 2971 1847 dispersa,
3014 1760 3121 1824 vix

172 1862 639 1948 contraposita,
688 1862 1009 1927 invenitur
1050 1864 1121 1928 in
1163 1863 1287 1929 hoc
1326 1862 1565 1949 hymno
1610 1860 1871 1946 (octavo
1916 1862 2215 1928 editionis
2257 1860 2501 1929 Bened.
2532 1862 2590 1945 2,
2635 1886 2697 1949 p.
2749 1860 2959 1945 1222),
3007 1862 3120 1927 sed

170 1966 390 2032 eidem
435 1964 757 2051 bisyllaba
798 1963 1075 2029 admista
1116 1974 1216 2031 est
1258 1965 1327 2030 in
1370 1962 1526 2030 noni
1572 1963 1866 2029 exordio:

667 2084 675 2151 Ι
706 2080 920 2142 Somno
958 2083 1189 2143 refectis
1229 2084 1465 2143 artubus
1494 2095 1511 2163 [ξ
1542 2094 1549 2163 Ι
1580 2086 1777 2159 spreto
1818 2080 1997 2141 cubili
2027 2094 2034 2162 Ι
2065 2086 2366 2159 surgimus,

661 2174 864 2250 Nobis,
894 2185 903 2255 Ι
932 2184 1117 2255 pater,
1161 2178 1501 2238 canentibus
1530 2176 1546 2241 H
1573 2176 1779 2235 adesse
1818 2182 1877 2237 te
1917 2177 2301 2253 delposcimzoe.

665 2280 673 2349 Ι
704 2269 789 2328 Te
826 2270 1028 2347 lingua
1065 2272 1317 2349 primum
1356 2271 1636 2345 concinat,
1679 2272 1694 2337 ,Ἰ
1726 2272 1732 2339 Ι
1765 2277 1823 2329 te
1865 2270 2078 2329 mentis
2108 2279 2115 2348 Ι
2146 2269 2318 2328 ardor
2349 2284 2356 2351 Ι
2387 2270 2623 2345 ambiat,

664 2362 744 2422 Ut
783 2370 1016 2424 actuum
1047 2375 1055 2444 1
1086 2370 1447 2445 sequentium
1473 2376 1490 2446 ξ]
1515 2370 1601 2440 tu,
1646 2374 1654 2443 Ι
1686 2372 1902 2438 sancte,
1944 2366 2024 2424 sis
2064 2366 2374 2424 exordium.

350 2476 802 2545 Consonantia
836 2487 954 2543 ·est
1006 2477 1115 2569 hic
1169 2478 1569 2566 copulativa,
1630 2498 1831 2563 eaque
1886 2476 2152 2564 duplex,
2193 2479 2260 2541 in
2305 2476 2509 2562 prima
2551 2474 2830 2560 stropha,
2875 2485 3125 2541 contra-

172 2582 399 2668 posita
424 2580 497 2643 in
528 2578 829 2644 secunda.
904 2576 1342 2645 Consonantia
1380 2580 1593 2645 finalis
1638 2577 1959 2664 bisyllaba
1998 2577 2068 2642 in
2099 2576 2244 2643 aliis
2275 2576 2550 2663 hymnis,
2599 2599 2862 2662 quorum
2907 2584 3128 2641 auctor

168 2680 641 2749 vetustissimis
694 2680 1079 2746 testimoniis
1132 2680 1501 2768 perhibetur
1551 2680 1934 2746 Ambrosius
1980 2678 2092 2763 (cf.
2138 2678 2453 2745 editorum
2507 2677 3005 2745 admonitionem
3052 2676 3121 2741 in

165 2782 504 2871 hymnos),
552 2793 622 2848 ut
661 2782 729 2848 in
773 2781 961 2871 primi
1005 2781 1270 2868 stropha
1313 2790 1525 2847 sexta:

772 2898 943 2960 Gallo
983 2906 1221 2959 canente
1254 2913 1260 2980 Ι
1292 2914 1425 2975 spes
1463 2897 1637 2973 redit,
1667 2910 1683 2977 Η
1711 2900 1903 2977 aegris
1935 2912 1944 2981 Ι
1975 2899 2132 2957 salus
2169 2896 2508 2971 refunditur,

774 2994 975 3055 Mucro
1006 3006 1015 3075 ι
1043 2993 1285 3054 latronis
1325 2992 1605 3065 conditur,
1632 3004 1649 3073 ΙΙ
1679 2997 1687 3067 Ι
1718 2993 1900 3073 lapsis
1937 2993 2083 3053 fides
2122 2996 2448 3051 revertitur.

343 3108 526 3191 Quin
576 3106 945 3195 trisyllabae
1000 3104 1461 3174 consonantiae
1519 3114 1583 3171 et
1634 3106 1849 3173 finalis
1906 3117 1972 3175 et
2023 3103 2276 3172 mediae
2319 3112 2471 3171 sunt
2513 3101 2808 3189 exempla
2859 3100 2965 3167 vel
3009 3122 3120 3166 ve-

168 3212 397 3299 stigia,
442 3220 519 3275 ut
558 3210 625 3275 in
672 3206 879 3295 quarti
923 3206 1208 3279 secunda
1249 3204 1542 3292 stropha:

662 3327 795 3388 Non
833 3346 909 3385 ex
946 3324 1105 3384 virili
1134 3328 1141 3395 Ι
1171 3329 1385 3396 somine,
1424 3338 1441 3405 η
1468 3325 1573 3385 sed
1610 3327 1855 3405 mystico
1889 3337 1896 3403 Ι
1928 3324 2232 3403 spiramine

665 3423 673 3491 Ι
714 3422 967 3481 Verbum
1003 3418 1103 3477 dei
1134 3418 1141 3485 Ι
1170 3418 1377 3478 factum
1416 3438 1546 3479 caro
1572 3419 1587 3488 {i
1618 3417 1627 3486 Ι
1656 3418 1990 3497 fructusque
2023 3418 2030 3485 Ι
2063 3418 2283 3479 ventris
2314 3419 2320 3485 Ι
2351 3408 2560 3477 flo‘ruit.

168 3574 589 3587 ———

788 3632 943 3687 Gome
971 3637 981 3691 Ι
1010 3632 1297 3685 serenatam
1326 3630 1337 3695 Ι
1366 3630 1569 3700 duplici
1596 3638 1607 3693 Ι
1638 3633 1927 3687 diademate
1955 3634 1964 3691 Ι
1994 3630 2207 3684 frontem

785 3722 791 3751 ι
842 3700 992 3755 Serta
1021 3700 1031 3767 Ι
1058 3700 1236 3763 ferma,
1274 3715 1407 3779 quae
1438 3712 1447 3758 ι
1478 3701 1615 3754 dona
1653 3704 1816 3771 togae,
1854 3715 1987 3769 quae
2017 3702 2026 3759 Ι
2056 3700 2284 3767 praemia
2313 3701 2322 3763 Ι
2351 3713 2574 3767 pugnae.

792 3770 803 3874 ΙΙ
840 3768 1080 3891 {ollandi
1106 3766 1393 3891 &fundaque
1422 3774 1432 3833 Ι
1462 3772 1641 3837 potem
1682 3772 1969 3838 Augustus,
2005 3768 2248 3821 honorem

799 3879 804 3903 ,
886 3853 933 3891 ιε
967 3852 1107 3891 mere

166 3916 230 3967 ln
272 3911 531 3980 ampliore
575 3906 784 3961 distichi
827 3907 911 3959 vel
947 3905 1166 3959 duorum
1210 3904 1622 3959 hexametrorum
1658 3905 1856 3958 ambitu
1907 3904 2202 3958 allitteratio
2247 3905 2342 3957 etsi
2381 3904 2468 3956 vix
2503 3904 2674 3965 abest,
2712 3902 2954 3969 quoniam
2969 3940 2982 3963 ,
3019 3898 3112 3952 ubi

162 3998 279 4036 non
316 3983 450 4032 sunt
484 3978 588 4030 duo
631 3977 710 4028 vel
746 3974 846 4028 tria
888 3973 1137 4027 vocabula
1180 3974 1424 4027 inchoata
1466 3974 1643 4028 eadem
1677 3990 1903 4028 consona
1919 4012 1932 4037 ‚
1977 3988 2089 4027 esse
2125 3976 2298 4026 tamen
2336 3975 2555 4039 possunt
2603 3969 2812 4023 totidem
2851 3968 3118 4023 vocalibus

162 4051 437 4111 inchoata,
475 4045 741 4114 quaeritur
778 4048 964 4106 tamen,
1000 4059 1068 4096 an
1089 4042 1349 4096 interdum
1373 4060 1407 4095 a
1424 4042 1655 4097 classicis
1688 4044 1855 4111 poetis
1891 4043 2090 4105 latinis,
2129 4042 2265 4094 haud
2301 4041 2496 4109 ignaris
2530 4040 2740 4093 celticae
2776 4038 2916 4091 illius
2953 4040 3118 4089 struc-

166 4125 343 4181 turae,
382 4115 623 4169 consulto
655 4112 975 4181 frequentius
1010 4110 1182 4181 posita
1216 4110 1301 4173 sit,
1336 4114 1400 4163 ut
1433 4112 1499 4165 ab
1535 4112 1717 4166 ovidio
1749 4113 1807 4165 in
1840 4114 2013 4166 Amor.
2055 4118 2099 4172 l,
2138 4116 2184 4161 5.
2225 4116 2268 4163 l.
2307 4115 2366 4160 2:

793 4182 983 4234 Aestus
1017 4182 1143 4243 erat,
1185 4183 1196 4238 Ι
1226 4179 1554 4249 mediamque
1588 4179 1699 4233 dies
1733 4196 1795 4233 ex
1889 4182 1970 4233 rat
2005 4180 2198 4242 horam,

858 4248 1095 4317 Apposui
1125 4250 1133 4312 Ι
1165 4246 1330 4301 medio
1358 4248 1368 4315 1
1398 4249 1629 4302 membra
1661 4249 1813 4303 lovan
1848 4265 1883 4302 a
1915 4252 2040 4301 toro.

592 4318 663 4374 Et
696 4318 885 4371 ibidem
922 4322 969 4371 9.
1013 4323 1103 4383 10:

792 4384 926 4439 Ecce
955 4386 965 4451 Ι
994 4384 1221 4440 Corinna
1256 4384 1411 4447 venit,
1454 4384 1465 4451 Ι
1500 4386 1681 4438 tunica
1712 4384 1883 4438 velata
1913 4384 2178 4449 rejcincta,

890 4454 901 4521 Ι
930 4452 1163 4509 Candida
1194 4452 1407 4505 dividua
1432 4452 1443 4519 Ι
1473 4454 1605 4506 colla
1638 4456 1843 4523 tegente
1877 4459 1886 4517 Ι
1916 4470 2077 4507 coma.

594 4522 685 4577 Vel
718 4540 753 4577 a
786 4524 995 4577 Lucano
1031 4524 1089 4578 in
1122 4520 1331 4575 exordio
1363 4520 1692 4575 Pharsaliae:

792 4590 937 4665 Bella
969 4608 1061 4661 per
1099 4590 1365 4643 Emathios
1394 4590 1519 4671 plus
1554 4606 1711 4671 quam
1742 4586 1751 4657 Ι
1781 4592 1954 4644 civilia
1982 4593 1992 4655 Ι
2023 4604 2235 4659 campos

788 4660 981 4729 iusque
1015 4661 1195 4714 datum
1229 4658 1408 4711 sceleri
1438 4659 1447 4725 Ι
1477 4674 1728 4723 cammns,
1770 4660 1779 4727 Ι
1810 4658 2167 4729 populumque
2196 4660 2206 4725 Ι
2236 4662 2500 4727 potentem

795 4728 855 4781 In
890 4744 987 4782 sua
1015 4731 1025 4794 Ι
1055 4727 1255 4782 victrici
1290 4741 1386 4781 con
1406 4742 1609 4781 versum
1634 4730 1645 4791 1
1682 4729 1876 4782 viscera
1908 4729 2105 4790 dextra,

972 4800 1153 4867 tasque
1188 4796 1341 4859 acies,
1378 4799 1431 4848 et
1458 4796 1468 4863 1
1498 4800 1653 4864 rupto
1686 4797 1886 4850 foedere
1915 4802 1924 4858 Ι
1955 4798 2098 4865 regni

802 4864 809 4931 Ι
918 4869 1115 4919 rtatum
1150 4864 1273 4917 totis
1304 4864 1313 4931 Ι
1342 4864 1595 4931 οοιιΙοιιεεὶ
1634 4865 1827 4919 viribus
1863 4866 2001 4919 orbis

795 4934 858 4987 In
888 4934 897 5003 Ι
928 4949 1196 4989 commune
1230 4932 1389 4996 nefas,
1422 4934 1725 5015 infestisque
1758 4935 1912 4988 obvia
1939 4935 1950 5001 Ι
1979 4935 2021 4987 s'
2101 4936 2112 4948 “

798 5001 807 5071 Ι
848 5003 1025 5073 Signa,
1058 5016 1209 5073 pares
1246 5002 1447 5070 aquilas
1479 5004 1533 5055 et
1560 5002 1570 5067 Ι
1600 5002 1709 5070 p1la
1742 5004 1997 5057 minantia
2027 4950 2038 5068 i
2068 5005 2207 5074 pilis.

170 5074 471 5199 Εὶοὲἶὶιιφ
523 5076 695 5128 autam
744 5076 799 5127 et
840 5071 997 5127 finem
1044 5071 1287 5127 carminis
1332 5071 1515 5139 poetae
1562 5072 1751 5125 vetusti
1796 5076 1903 5125 tam
1949 5072 2168 5127 Hiberni
2210 5088 2368 5143 quam
2413 5068 2624 5127 Gambri
2669 5069 2832 5139 magis
2875 5084 3124 5124 exornare

168 5160 233 5199 ιο
