3717 5642
555 317 676 382 728
741 319 877 382 (653-
904 318 1020 370 69⁵·
1047 317 1166 380 696)
1343 311 1460 381 IV.
1506 314 1564 378 3.
1629 329 2176 380 comunc'rmnns
2216 330 2691 380 ammom.

549 525 694 566 sam
733 523 988 566 marnas
1028 500 1204 585 cales
1233 500 1316 566 lca
1368 501 1532 564 ieme
1592 500 1806 585 (nemo
1848 498 2113 566 intrabit
2168 501 2239 566 in
2278 510 2509 568 terram
2554 523 2799 567 sacram
2838 502 2967 568 nisi
3023 500 3099 569 G.
3145 511 3209 568 et
3250 500 3343 585 Ι.)
3391 501 3472 568 O.

552 605 692 669 948.
735 603 917 670 1880.
989 623 1232 666 marnes
1275 602 1514 666 drethm
1555 623 1824 667 osv-nona
1863 603 2155 690 nymbytb
2192 611 2406 690 queres
2448 601 2606 685 (nisi
2646 626 2763 690 per
2806 613 2902 684 te,
2949 602 3295 685 Veronica,
3340 626 3473 669 non

553 705 801 770 habebo
833 703 1186 788 auxilium),
1231 704 1437 767 denses
1477 726 1723 768 marnes
1764 705 1876 768 dre
1917 729 2003 770 an
2032 706 2173 770 luen
2214 707 2382 769 doses
2422 724 2623 769 omma
2663 727 2749 791 ny
2774 706 2878 789 sqf
2910 704 3299 790 (humanitas
3343 703 3474 769 nisi

553 829 669 892 per
709 805 962 892 plenam
1005 805 1396 871 divinitatem
1441 805 1546 870 hic
1587 827 1720 871 non
1763 804 1986 890 stabit)
2038 806 2118 872 R.
2164 807 2347 872 2220.
2394 806 2578 872 2515.
2644 829 2906 892 nynqyw
2957 827 3203 870 ‘noemae
3256 805 3477 890 belyny

557 907 718 990 (non
760 918 860 973 est
898 907 1028 972 nisi
1069 906 1452 994 indignitas)
1495 906 1570 998 P.
1611 908 1714 990 82,
1756 909 1816 974 4.
1886 929 1969 992 ny
2011 909 2211 992 welaf
2248 929 2326 993 vy
2375 907 2483 992 yth
2524 907 2739 972 hallan
2790 929 2993 993 sawye
3047 929 3137 972 ow
3192 907 3477 972 beumans

556 1021 766 1077 certem
807 1029 976 1074 mars
1029 1008 1138 1071 dre
1178 1030 1320 1072 mur
1363 1030 1480 1074 our
1533 1011 1692 1095 (non
1733 1007 1922 1074 video
1982 1031 2099 1095 ego
2156 1032 2260 1076 me
2302 1032 2495 1097 posse
2550 1031 2689 1074 serv
2700 1031 2806 1075 are
2849 1009 3045 1074 vitam
3086 1031 3291 1074 meam
3346 1010 3477 1074 nisi

553 1111 748 1176 multo
791 1109 975 1193 auro)
1018 1107 1096 1174 R.
1133 1111 1312 1174 1964.
1381 1131 1550 1174 mars
1590 1133 1674 1196 ny
1716 1135 1758 1174 a
1797 1133 1932 1176 wra
1970 1112 2271 1197 ymderme
2312 1112 2473 1196 (nisi
2502 1111 2960 1193 convertimur)
2992 1109 3069 1176 Ο.
3102 1111 3245 1176 226.
3302 1133 3479 1175 mare

554 1215 626 1297 es
659 1237 742 1278 cm
785 1233 952 1297 oreye
1006 1211 1162 1295 (nisi
1206 1210 1274 1275 id
1323 1211 1587 1295 credit),
1647 1234 1819 1278 mare
1860 1225 2023 1298 cryst
2078 1237 2120 1278 a
2158 1235 2343 1278 weres
2396 1212 2555 1296 (nisi
2598 1210 2747 1279 Chr.
2806 1212 3097 1297 adiuvat)
3160 1211 3235 1278 R.
3291 1215 3480 1280 1217.

555 1315 741 1380 2312.
806 1335 941 1378 mas
984 1313 1078 1376 the
1117 1313 1230 1376 wel
1265 1335 1371 1398 φη
1407 1312 1810 1400 qorthebeuyh
1854 1313 2012 1398 (nisi
2042 1314 2265 1380 melius
2310 1313 2463 1378 mihi
2492 1313 2993 1400 respondebitis)
3024 1313 3101 1380 R.
3131 1317 3235 1380 47.
3290 1339 3481 1402 nyns·

556 1416 715 1502 ouyh
755 1436 892 1478 mas
934 1415 1044 1479 dev
1089 1414 1236 1479 lorel
1281 1415 1438 1499 (non
1483 1415 1640 1481 estis
1681 1415 1810 1481 nisi
1854 1416 1980 1481 duo
2026 1415 2315 1500 errones)
2361 1415 2439 1482 Ο.
2478 1416 2659 1481 1504.

728 1514 980 1582 Cambr.
1012 1538 1244 1602 namyn
1288 1528 1352 1582 et
1379 1539 1570 1583 arem.
1599 1529 1795 1582 nemet
1834 1516 2037 1583 forma
2077 1517 2534 1604 quodammodo
2565 1518 2958 1584 concordant
2998 1539 3141 1584 cum
3170 1518 3482 1584 adverbio

557 1618 684 1684 hib.
714 1627 841 1684 vet.
871 1623 1122 1682 nammd
1154 1618 1246 1704 (p.
1278 1617 1450 1702 614),
1493 1618 1959 1704 significatione
1990 1620 2203 1707 potius
2232 1640 2375 1684 cum
2400 1618 2529 1685 hib.
2562 1621 2791 1700 ceuma',
2836 1620 3136 1684 cenmitkd
3165 1620 3258 1707 (p.
3296 1621 3483 1703 706).

729 1717 1146 1786 Cambrica
1201 1720 1516 1806 exempla:
1575 1743 1660 1807 ny
1711 1720 1840 1784 dele
1897 1725 1969 1805 ef
2012 1720 2147 1786 talu
2200 1721 2429 1807 ebedyu
2480 1743 2701 1786 namen
2756 1723 2971 1786 kunnu
3021 1722 3181 1806 (non
3224 1732 3486 1808 oportet

565 1844 709 1888 eum
758 1820 1005 1886 solvere
1049 1822 1146 1885 eb.
1205 1822 1332 1886 nisi
1375 1821 1563 1906 illud)
1617 1821 1775 1908 Leg.
1824 1826 1879 1903 1,
1922 1825 1982 1903 5,
2014 1823 2072 1885 5.
2142 1822 2316 1888 athal
2357 1846 2432 1888 eu
2474 1824 2683 1889 deulin
2722 1823 3042 1910 aphenneu
3082 1846 3157 1889 eu
3200 1825 3486 1911 dquoes

556 1943 636 2006 ψ·
679 1921 906 1986 meirch,
954 1943 1042 2006 yn
1073 1923 1310 2006 parda.
1371 1945 1448 1989 ar
1489 1924 1719 1988 meir-ch.
1766 1945 1869 2010 yn.
1890 1921 2183 2010 yanwelw
2237 1923 2320 1988 oll
2357 1946 2590 2010 namyn
2632 1926 2839 2012 hynny
2892 1926 3142 2013 (apices
3198 1949 3485 2012 genuum

561 2033 625 2089 et
664 2023 970 2089 femorum
1014 2044 1320 2109 equorum
1361 2048 1532 2092 mere
1574 2025 1761 2111 nigri,
1808 2035 1874 2091 et
1916 2025 2065 2111 equi
2106 2024 2290 2090 lividi
2330 2025 2449 2090 toti
2492 2026 2851 2111 praeterea)
2894 2026 3070 2094 Mab.
3102 2029 3163 2110 2,
3196 2029 3345 2095 380.

729 2125 1230 2192 Aremorica:
1297 2149 1370 2192 en
1415 2126 1507 2191 bet
1559 2147 1636 2191 ne
1676 2127 1838 2191 deux
1880 2138 2023 2211 quet
2063 2138 2257 2191 namet
2288 2149 2454 2211 poan
2521 2127 2619 2212 (in
2658 2127 2895 2195 mundo
2951 2152 3083 2196 non
3127 2141 3258 2211 est,
3317 2129 3488 2194 nihil

562 2238 660 2294 est
710 2227 840 2292 nisi
894 2227 1104 2313 dolor)
1159 2226 1323 2294 Buh.
1376 2230 1472 2312 16,
1511 2229 1607 2294 16.
1681 2251 1810 2292 ann
1861 2227 1988 2292 kole
2039 2226 2131 2292 bet
2184 2240 2380 2293 mmet
2420 2250 2481 2291 se
2533 2228 2735 2312 (totus
2788 2230 3061 2298 mundus
3112 2231 3487 2318 praeterea)

723 2430 968 2496 Eadem
1009 2430 1505 2519 praepositionis
1555 2431 1762 2498 instar
1804 2453 1947 2498 cum
1989 2431 2471 2518 pronominibus
2516 2432 2795 2498 suffixis:
2860 2456 2981 2500 nac
3022 2455 3141 2498 eux
3180 2435 3331 2520 affec
3376 2435 3493 2498 doe

561 2555 634 2598 en
690 2531 785 2596 bet
845 2533 1180 2618 nemedouf
1220 2533 1424 2620 (quod
1476 2557 1606 2600 non
1659 2545 1761 2600 est
1807 2555 2035 2600 revera
2088 2534 2246 2600 deus
2296 2531 2367 2598 in
2418 2533 2657 2599 mundo
2707 2533 2836 2598 nisi
2891 2535 3041 2621 ego)
3094 2535 3231 2602 MJ.
3282 2537 3408 2600 177
3422 2537 3488 2602 b.

560 2636 643 2700 Ιια
683 2635 919 2700 medena:
962 2647 1212 2720 queuzet
1249 2635 1570 2720 vwmetouf
1607 2636 1759 2720 (nec
1802 2645 1903 2702 est
1942 2635 2215 2702 afflictus
2256 2634 2387 2700 nisi
2432 2633 2583 2719 ego)
2638 2633 2761 2702 203
2776 2637 2835 2702 b.
2901 2657 2975 2702 en
3014 2659 3131 2724 nep
3166 2661 3326 2724 yuys
3380 2661 3491 2704 ma

563 2739 904 2819 reiouz'ssaf
920 2759 996 2802 ne
1025 2739 1106 2802 ell
1131 2749 1234 2804 tra
1260 2760 1334 2803 en
1365 2736 1458 2804 bet
1483 2735 1759 2819 nemetaf
1793 2738 2221 2825 (nequaquam
2248 2761 2349 2804 me
2380 2736 2729 2802 exhilarare
2768 2747 2984 2824 potest
3024 2739 3371 2825 quidquam
3418 2739 3492 2804 in

562 2839 798 2904 mundo
841 2839 970 2906 nisi
1011 2839 1153 2926 ille)
1203 2839 1320 2905 188
1333 2862 1390 2904 a.
1456 2852 1597 2924 quet
1634 2841 1893 2925 queffret
1944 2861 2021 2904 ne
2062 2840 2224 2905 deux
2264 2839 2583 2904 nemedoch
2636 2840 2797 2924 (una
2834 2862 3020 2907 nemo
3080 2851 3181 2906 est
3228 2851 3493 2927 praeter

561 2941 709 3026 vos)
755 2941 877 3007 206
893 2965 949 3006 a.

731 3041 955 3110 Corn.
1004 3043 1266 3108 lemman
1294 3079 1374 3090 ——
1422 3041 1501 3108 de
1546 3065 1670 3129 quo
1713 3054 1785 3108 ut
1827 3043 1907 3108 de
1948 3065 2184 3108 namna
2226 3044 2500 3128 (tantum
2525 3041 2691 3126 non)
2734 3041 2812 3108 cf.
2842 3065 2909 3129 p.
2938 3044 3059 3108 621
3094 3079 3175 3090 --
3220 3043 3491 3129 saepius

561 3144 932 3210 transfertur
976 3145 1058 3212 ad
1101 3144 1629 3230 significationem
1670 3145 1779 3211 lat.
1821 3147 1931 3209 sed
1972 3144 2199 3228 (germ.
2242 3144 2563 3224 sondemk
2608 3144 2845 3210 keren&
2884 3165 3059 3210 cesar
3096 3145 3241 3230 ytlw
3284 3167 3373 3232 ny
3418 3159 3495 3229 32

563 3247 825 3310 lenmzan
869 3245 1083 3333 belyny
1127 3246 1334 3332 (amor
1376 3243 1677 3314 Caesaris
1720 3268 1872 3312 vero
1916 3269 2047 3312 non
2090 3255 2242 3327 erat,
2290 3246 2403 3312 sed
2432 3245 2813 3332 indignitas)
2858 3243 2931 3310 P.
2969 3247 3109 3327 146,
3142 3247 3203 3310 2.
3259 3259 3332 3329 3⁶
3380 3247 3493 3312 thu

563 3371 644 3432 ny
683 3349 826 3433 yoth.
868 3349 1002 3434 thys
1044 3359 1299 3434 temptye
1320 3396 1334 3411 .
1362 3396 1377 3411 .
1405 3397 1419 3412 .
1457 3347 1717 3434 lemmyn
1753 3359 1925 3432 preat
1962 3369 2006 3432 y
2048 3348 2273 3412 honore
2316 3347 2537 3430 (deum
2564 3356 2743 3412 tuum
2782 3369 2913 3412 non
2942 3345 3131 3414 decet
3168 3359 3234 3412 te
3274 3355 3493 3432 temp·

563 3458 731 3531 tare,
779 3450 892 3516 sed
935 3458 1190 3536 praesto
1236 3471 1380 3514 eum
1425 3448 1664 3533 colere)
1714 3451 1810 3530 15,
1856 3450 1916 3514 2.
1992 3448 2134 3513 mab
2175 3449 2295 3512 den
2334 3447 2449 3513 heb
2490 3447 2603 3512 ken
2649 3469 2722 3534 ys
2765 3447 2919 3514 bara
2962 3469 3275 3534 nynyeuas
3316 3449 3411 3512 oll
3446 3471 3493 3533 y

561 3574 798 3616 vewnas
842 3550 1092 3615 lemmen
1130 3574 1218 3637 yn
1261 3551 1536 3616 lauarow
1565 3551 1672 3630 da,
1711 3573 1857 3636 map
1900 3551 2017 3616 deu
2059 3550 2172 3636 hep
2213 3549 2326 3613 keu
2362 3571 2435 3636 ys
2466 3549 2621 3614 bara
2665 3549 2807 3634 byth
2846 3553 3125 3635 nyniovos
3165 3549 3227 3613 ol
3252 3549 3493 3614 bewnae

561 3653 760 3718 [eman
799 3675 886 3740 yn
931 3653 1196 3716 lenm-ow
1239 3653 1322 3716 da
1377 3652 1578 3738 (filius
1621 3652 1896 3718 hominis
1938 3674 2071 3716 non
2111 3651 2307 3718 habet
2348 3673 2599 3717 omnem
2642 3672 2821 3716 suam
2863 3651 3061 3716 vitam
3102 3673 3269 3738 pane
3312 3651 3487 3733 solo,

569 3754 683 3820 sed
728 3754 795 3818 in
839 3753 1052 3820 verbis
1097 3753 1316 3838 bonis)
1367 3759 1463 3838 12,
1499 3755 1556 3819 2.
1586 3753 1672 3819 D.
1705 3756 1806 3819 67.

733 3855 795 3920 d.
860 3854 1042 3920 PAN
1085 3855 1288 3940 (cum,
1335 3856 1653 3943 quando),
1703 3879 1868 3944 quae
1922 3877 2051 3921 vox
2091 3854 2477 3922 conferenda
2532 3854 2785 3922 videtur
2840 3877 2980 3921 oum
3025 3854 3487 3920 coniunctione

563 3958 671 4022 lat.
717 3958 993 4041 quando,
1053 3960 1220 4026 sicut
1258 3960 1366 4024 lat.
1410 3961 1678 4043 quinque
1721 3967 1820 4024 est
1872 3957 2042 4024 idem
2085 3979 2161 4023 ac
2202 3955 2346 4022 brit.
2382 3959 2590 4042 pimp‚
2646 3957 3015 4044 temporalis
3056 3956 3269 4043 potius
3328 3977 3492 4022 con-

561 4060 803 4126 iunctio
860 4059 1146 4127 absolute
1189 4062 1404 4147 posita
1455 4061 1844 4126 cambrice
1897 4081 2028 4125 non
2069 4059 2281 4126 minus
2320 4060 2623 4146 frequens
2668 4073 2769 4126 est
2824 4082 3013 4145 quam
3065 4059 3321 4123 cornice
3380 4057 3492 4123 vel

564 4161 931 4228 aremorice:
993 4183 1122 4246 pan
1158 4163 1426 4249 yezksych
1481 4163 1552 4226 di
1603 4164 1749 4248 vyui
1799 4161 1920 4226 keis
1964 4161 2159 4247 parth
2210 4186 2288 4226 ar
2337 4163 2517 4228 india
2569 4161 2852 4248 (quando
2908 4171 2977 4226 tu
3031 4181 3301 4246 quaeres
3362 4183 3492 4239 me,

564 4286 796 4350 quaere
841 4265 922 4329 ad
963 4263 1214 4330 Indiam
1256 4264 1512 4349 versus)
1555 4263 1729 4330 Mab.
1776 4266 1831 4346 1,
1865 4264 2009 4328 273.
2074 4265 2283 4346 aphau
2325 4265 2615 4329 deuthum
2652 4286 2793 4349 yno.
2838 4265 3075 4348 hoffack
3118 4263 3229 4327 oed
3249 4261 3503 4348 yenngf

565 4368 662 4448 (et
704 4387 845 4430 cum
887 4366 1168 4432 venirem
1207 4365 1378 4447 illuc,
1423 4364 1628 4451 magis
1671 4365 1915 4452 placuit
1953 4363 2138 4449 mihi)
2188 4369 2243 4446 1,
2275 4367 2334 4430 6.

730 4465 939 4552 Saepe
980 4467 1464 4554 praemittuntur
1504 4467 1654 4532 huic
1683 4467 2119 4532 coniunctioni
2161 4467 2671 4553 praepositiones
2701 4489 2735 4532 ο
2780 4475 2845 4532 et
2867 4490 2910 4553 y
2953 4468 3054 4551 (=
3082 4465 3183 4549 di)
3227 4465 3492 4530 iunctae

563 4591 703 4633 cum
735 4568 998 4634 articulo
1031 4570 1168 4655 (pp.
1201 4569 1343 4634 662.
1377 4569 1550 4654 667),
1599 4578 1669 4633 ut
1702 4569 1985 4634 oriantur
2024 4568 2327 4636 formulae
2371 4592 2441 4635 or
2460 4593 2619 4656 pan,
2655 4591 2733 4656 φ·
2752 4591 2889 4655 pan
2934 4569 3046 4653 (ex
3090 4568 3275 4653 quo),
3324 4589 3493 4652 quae

565 4669 862 4735 videntur
905 4661 1302 4756 supplendae
1345 4671 1415 4734 in
1455 4692 1527 4734 ον
1567 4672 1738 4756 hyms
1772 4693 1925 4756 pan,
1966 4693 2047 4756 ψ·
2088 4672 2253 4757 hyan
2282 4695 2410 4757 pan
2453 4671 2549 4758 (p.
2580 4670 2765 4755 395):
2810 4693 2883 4736 or
2904 4692 3040 4755 pan
3082 4669 3262 4733 datho
3301 4691 3345 4752 ‚y
3391 4669 3493 4732 lw-

565 4769 719 4835 bauc
757 4795 844 4857 yn
887 4773 1072 4836 emud
1113 4796 1226 4858 eny
1269 4785 1447 4836 tenuo
1489 4771 1660 4836 allan
1704 4771 1815 4856 (ex
1858 4794 1985 4858 quo
2027 4773 2315 4858 posuerit
2356 4774 2725 4860 accipitrem
2766 4772 2837 4836 in
2866 4793 3081 4864 cavea,
3127 4769 3339 4835 donec
3382 4792 3491 4834 ex-

565 4873 815 4957 emerit)
857 4873 1014 4959 Leg.
1059 4875 1114 4956 l,
1165 4875 1262 4954 10,
1312 4874 1410 4940 16.
1475 4896 1555 4958 φ·
1587 4895 1766 4958 pann
1820 4875 1931 4959 yth
1966 4875 2164 4938 welezk
2200 4877 2436 4960 qyntaf
2471 4900 2511 4940 a
2549 4877 2745 4962 yemis
2782 4895 2871 4959 yn
2911 4873 3171 4958 moyhas'
3196 4893 3337 4957 ρων
3379 4871 3491 4954 (ex

563 4997 688 5060 quo
733 4975 865 5041 vidi
908 4986 972 5041 te
1016 4975 1287 5061 primum
1303 5025 1320 5056 ,
1365 4977 1577 5042 amavi
1617 4974 1895 5041 maxime
1938 4975 2274 5059 virorum),
2315 4999 2395 5062 φ·
2434 4998 2563 5061 pan
2600 4976 2709 5061 yth
2750 4974 2947 5039 wele&
2980 4973 3219 5060 qyntaf
3250 4975 3347 5036 mi
3386 4971 3492 5035 ath
