3717 5642
594 351 719 416 678
782 350 921 415 (642·
947 352 1071 417 643)
1364 350 1477 417 IV.
1524 352 1581 417 2.
1646 370 2221 421 rmrosrriomis
2263 374 2748 425 Bmmmem.

596 537 849 622 (contra
888 560 1075 603 omne
1118 537 1443 621 damnum)
1486 538 1645 625 Leg.
1680 544 1733 622 1,
1768 542 1868 622 33,
1899 542 1960 605 4.
2027 542 2150 607 inis
2207 564 2320 607 rao
2357 544 2642 630 pouzbma
2701 546 2848 610 dewi
2895 547 3137 631 (insula
3183 572 3218 616 e
3261 553 3514 639 regione

594 640 721 705 loci
764 639 997 725 quietis
1040 640 1169 725 D.)
1222 639 1296 705 L.
1338 640 1542 705 Laud.
1588 642 1730 707 249.
1798 642 2096 707 raeenbid
2147 643 2261 729 (gl.
2316 668 2432 731 pro
2477 656 2846 713 cunctarum
2895 653 3199 738 numero)
3255 653 3378 721 Cb.
3423 658 3514 719 71.

598 740 1146 827 Significationem
1198 742 1466 808 localem
1522 744 1729 829 magis
1797 753 2013 809 servat
2065 746 2404 812 coniuncta
2469 770 2612 814 cum
2671 751 2872 816 subst.
2935 752 3127 819 bronn
3182 755 3515 843 (pectus):
3647 770 3649 795 ÷

596 842 923 927 dyrchafel
962 864 1151 909 aoruc
1190 866 1234 929 y
1276 866 1531 930 uorwyn
1572 867 1685 909 rae
1714 845 1909 911 broma
1952 851 2142 913 owein
2183 848 2502 931 (mensam
2543 874 2771 936 parare
2815 856 3029 940 coepit
3053 857 3271 943 puella
3315 880 3516 925 coram

597 944 710 1030 O.)
753 944 927 1012 Mab.
963 949 1018 1029 1,
1056 946 1153 1011 18.
1208 946 1635 1031 achyweiriaw
1673 970 1717 1032 y
1758 950 1957 1013 uae-ek
1994 948 2311 1034 yndiwall.
2357 952 2551 1016 adodi
2591 954 2796 1039 down
2839 977 2874 1049 ⁰.
2901 968 3064 1041 vat
3100 978 3214 1021 rae
3249 980 3297 1045 y
3323 984 3518 1025 urorm
3647 944 3649 987 ³

595 1049 695 1133 (et
733 1050 1143 1115 tractabatur·
1167 1070 1392 1133 equus-
1412 1048 1549 1114 eius
1592 1050 1775 1132 bene,
1824 1061 1890 1116 et
1932 1051 2332 1117 sternebatur
2374 1054 2610 1119 affatim
2653 1057 2872 1141 pabuli
2917 1078 3130 1122 coram
3173 1062 3282 1146 eo)
3332 1066 3389 1144 1,
3423 1064 3514 1131 33.

596 1150 883 1238 Simplex
926 1151 1185 1237 saepius
1213 1150 1587 1215 transfertur
1629 1162 1703 1216 ut
1730 1174 1874 1217 cum
1903 1151 2271 1219 infinitivis:
2317 1156 2402 1220 da
2441 1178 2540 1241 μυ
2565 1160 2812 1244 qenngffi
2854 1184 2928 1224 eu
2969 1160 3210 1246 leymryt
3253 1164 3516 1229 ohonaw.

465 1308 470 1315 .
592 1276 705 1318 rao
746 1276 820 1318 eu
860 1252 1045 1337 kaffel
1084 1274 1181 1317 om
1204 1252 1507 1339 qelynyon
1549 1253 1795 1340 (placet
1835 1254 1991 1319 mihi
2032 1264 2103 1319 ut
2132 1279 2224 1337 ea,
2275 1255 2465 1338 arma,
2513 1270 2845 1325 sumantur
2872 1262 2953 1327 ab
2986 1284 3080 1343 e0‚
3123 1284 3278 1348 prae
3311 1286 3518 1330 eorum
3647 1266 3649 1313 ἕ

594 1356 988 1441 sumptione,
1044 1376 1127 1419 ne
1172 1364 1503 1420 sumantur
1547 1358 1626 1421 ab
1670 1356 1962 1423 hostibus
2007 1358 2196 1442 meis)
2239 1356 2414 1425 Mab.
2464 1365 2516 1442 1,
2550 1362 2650 1427 29.
2707 1364 2871 1448 uelly
2907 1364 3356 1449 ydifferassant
3393 1368 3520 1453 kwy

595 1459 762 1523 lunet
800 1480 912 1521 rac
949 1479 995 1542 y
1035 1455 1213 1541 llosyi
1266 1457 1390 1541 (ita
1429 1457 1863 1524 liberaverunt
1903 1458 2247 1543 Lunetam‚
2303 1484 2388 1527 ne
2431 1463 2932 1547 combureretur)
2983 1468 3036 1546 1,
3067 1465 3170 1530 36.
3279 1466 3522 1534 Eadem

594 1560 912 1625 contraria
952 1557 1453 1643 significatione:
1506 1582 1588 1644 ψ
1630 1582 1803 1645 awyr
1840 1562 2205 1646 ynedrinaw
2245 1584 2357 1627 rae
2399 1563 2590 1626 meiat
2623 1586 2670 1649 y
2705 1567 2936 1651 yweidi
2985 1588 3064 1631 ar
3103 1566 3334 1653 utkym
3391 1570 3524 1655 (aer
3648 1594 3649 1599 ¹

592 1671 871 1727 tremens
912 1672 1171 1747 propter
1210 1661 1712 1746 magnitudinem
1738 1661 2010 1747 fragoris
2056 1686 2090 1727 e
2119 1664 2324 1748 tubis)
2375 1667 2427 1747 1,
2465 1666 2562 1731 16.
2622 1687 2735 1730 rac
2775 1666 3036 1753 kewilyd
3077 1667 3374 1754 (propter
3414 1694 3523 1756 pu·
3647 1706 3649 1719 1

594 1762 865 1846 dorem),
909 1786 1024 1827 rac
1061 1764 1249 1829 trietit
1290 1762 1583 1849 (propter
1626 1764 1980 1848 tristitiam)
2030 1767 2085 1846 1,
2123 1766 2219 1829 10.
2255 1766 2352 1830 18.
2410 1786 2524 1831 rac
2563 1766 2716 1855 ofyn
2735 1768 3056 1855 ‘(propter
3095 1769 3424 1857 timorem)
3468 1774 3522 1852 3,
3647 1784 3649 1797 ⁴

596 1866 739 1931 301.
794 1886 908 1929 rac
951 1863 1190 1929 blindav-
1232 1865 1345 1948 (ob
1389 1865 1866 1959 lassitudinem)
1912 1868 1970 1948 2,
2003 1868 2105 1931 41.

765 1964 933 2033 Cum
975 1964 1455 2052 pronominibus
1500 1968 1780 2033 suffixis:
1828 1968 2136 2053 achyuodi
2173 1981 2482 2055 aoruyant
2507 1972 2707 2056 raqof
2741 1970 2842 2055 (et
2871 1994 3134 2057 surgere
3178 1986 3526 2059 coeperunt
3648 1950 3649 2015 3

594 2091 810 2135 coram
834 2067 966 2151 me)
997 2066 1174 2133 Mab.
1210 2071 1265 2149 1,
1295 2070 1356 2133 4.
1416 2069 1637 2153 kw'odi
1674 2092 1994 2155 aoruyum.
2039 2070 2326 2135 acherdet
2363 2072 2561 2157 rayof
2594 2073 2888 2158 (surgere
2919 2075 3106 2159 coepi
3151 2086 3216 2142 et
3242 2078 3340 2144 ire
3383 2088 3526 2145 ante

594 2194 721 2252 me,
760 2170 1057 2259 pergere)
1107 2173 1160 2253 1,
1194 2172 1253 2235 6.
1309 2171 1416 2234 dos
1456 2182 1639 2257 raqot
1682 2171 1976 2257 (perge!)
2037 2177 2091 2255 1,
2137 2173 2279 2241 237.
2347 2196 2433 2258 ny
2479 2174 2694 2259 chelas
2721 2174 3092 2261 qukystlwn
3133 2192 3314 2266 rayot
3369 2182 3525 2266 (non

596 2276 819 2342 celabo
862 2294 1067 2360 genus
1108 2295 1317 2338 meum
1356 2273 1455 2358 te)
1492 2266 1559 2355 '1,
1598 2275 1681 2337 27
1684 2275 1741 2338 6.
1811 2273 2022 2338 hev-det
2060 2276 2314 2339 raedam
2357 2298 2547 2339 aoruc
2562 2327 2578 2357 ,
2623 2298 2668 2361 y
2709 2276 3002 2341 kerdawd
3039 2282 3295 2345 racdaw
3355 2282 3526 2369 (per-

592 2378 779 2459 rexit,
825 2374 1143 2463 processit
1182 2375 1252 2439 111
1281 2374 1549 2460 itinere)
1601 2375 1777 2441 Mab.
1818 2376 1905 2461 fq.
1979 2376 2352 2462 aehychwyn
2405 2398 2597 2442 aomo
2635 2376 2846 2441 hitheu
2885 2380 3071 2443 randi
3121 2382 3220 2466 (et
3259 2405 3528 2470 pergere

595 2480 825 2567 coepit,
870 2476 1117 2565 puella)
1166 2479 1220 2558 1,
1256 2479 1353 2549 15.
1408 2476 1486 2539 vb
1528 2497 1661 2561 wyr
1700 2478 1890 2541 nawd
1931 2479 2070 2543 ἅνω
2097 2479 2322 2564 raqoch·
2363 2478 2536 2563 (heu,
2583 2479 2725 2561 viri,
2772 2479 2977 2564 gratia
3019 2481 3126 2547 dei
3171 2485 3424 2570 vobisl)
3471 2488 3526 2569 2,

594 2585 740 2649 216.
811 2583 904 2647 mi
954 2580 1081 2663 aas
1121 2600 1210 2665 yn
1256 2578 1606 2665 qyua‘moyd
1657 2580 1886 2664 rayoela
1940 2579 2092 2664 (ego
2138 2582 2244 2647 ibo
2291 2581 2420 2645 dux
2463 2604 2674 2648 coram
2731 2582 2948 2668 vobis)
3005 2585 3064 2668 2,
3107 2586 3254 2653 232..
3322 2586 3530 2653 ker-dat
3647 2658 3649 2671 ,

594 2694 905 2771 aoruyant
941 2681 1213 2747 racdunt
1254 2680 1613 2768 (progressi
1658 2679 1835 2763 sunt)
1881 2680 1970 2767 fq.

762 2784 954 2854 Corn.
980 2780 1193 2867 ΒΑΚ,
1224 2781 1433 2865 RAG,
1480 2804 1668 2847 arem.
1697 2778 1902 2865 RAG,
1947 2784 2224 2869 simplici
2262 2784 2465 2851 forma
2503 2786 2708 2871 magis
2737 2787 3048 2853 translata
3091 2788 3174 2853 ad
3204 2789 3531 2876 significa-

590 2892 833 2956 tionem
864 2897 1121 2974 propter
1134 2934 1153 2969 ,
1190 2906 1334 2971 pre,
1365 2904 1544 2970 prae,
1590 2884 1724 2949 vim
1766 2884 2156 2970 primitivam
2197 2908 2408 2951 coram
2424 2938 2441 2969 ,
2488 2899 2629 2951 ante
2669 2888 2874 2973 magis
2918 2900 3134 2955 servat
3177 2894 3534 2977 composita
3647 2904 3649 2983 J

592 3014 736 3058 cum
775 2986 1362 3077 praepositionibus
1406 2980 1500 3067 de,
1546 2986 1617 3049 di
1656 2986 1751 3073 (p.
1782 2986 1942 3071 662)
1986 2988 2092 3052 vel
2136 3011 2178 3051 a
2219 2996 2283 3053 et
2329 2989 2570 3076 duplici
2613 2990 2745 3054 adi.
3647 2986 3649 3003 *

764 3091 1114 3160 Cornica
1154 3089 1459 3175 simplex:
1504 3110 1623 3173 ‘ray
1666 3088 1880 3173 densys
1921 3088 2007 3173 eff
2042 3112 2128 3153 an
2163 3112 2316 3174 θυαε
2356 3091 2534 3156 awell
2577 3090 2718 3177 boys
2759 3090 3048 3178 (propter
3075 3090 3533 3160 humanitatem
3648 3064 3649 3079 ¹

593 3195 815 3262 habuit
856 3192 1245 3259 desiderium
1288 3190 1448 3274 cibi)
1482 3188 1567 3254 ·P.
1604 3191 1699 3271 10,
1731 3191 1792 3254 4.
1865 3214 1950 3255 an
1992 3190 2265 3276 arykam
2306 3216 2350 3255 a
2385 3214 2665 3278 qemeras
2704 3213 2823 3278 ray
2867 3194 3013 3276 corf
3029 3186 3126 3257 5⁸⁶
3167 3192 3533 3279 (argentum

596 3298 766 3385 quod
811 3295 1062 3382 accepit
1110 3316 1229 3380 pro
1273 3314 1535 3378 corpore
1577 3290 1760 3373 Iesu,
1806 3286 2036 3377 Iudas)
2086 3292 2225 3375 103,
2259 3296 2318 3358 2.
2383 3316 2500 3379 ray
2543 3294 2746 3364 henna
2789 3294 3188 3380 (propterea,
3246 3296 3426 3380 ideo)
3473 3300 3531 3378 5,
3648 3358 3649 3361 ,

596 3404 656 3465 4.
702 3402 761 3479 7,
792 3400 852 3463 4.
897 3397 999 3478 26,
1032 3397 1073 3461 3
1100 3404 1221 3460 etc.
1272 3416 1444 3480 praq
1486 3392 1776 3479 (propter
1819 3394 2014 3480 quid?
2057 3395 2214 3461 cur?
2257 3395 2334 3461 cf.
2367 3420 2430 3482 p.
2463 3396 2618 3480 400)
2661 3396 2748 3482 fq.
2807 3396 3000 3481 φαςμὴ
3039 3416 3120 3481 vy
3144 3394 3264 3461 rak
3289 3421 3376 3462 aa
3403 3398 3536 3462 ίοιιί
3647 3470 3649 3483 4

596 3502 817 3586 (serva
856 3518 958 3562 me
1002 3519 1042 3561 a
1082 3494 1369 3578 diabolo)
1421 3493 1499 3559 R.
1549 3496 1730 3559 1564.
1796 3516 1945 3581 may
1969 3496 2091 3579 fen
2129 3498 2393 3583 quythys
2431 3497 2550 3561 rak
2603 3522 2689 3562 an
2733 3498 2906 3584 hylen
2960 3497 3062 3581 (ut
3119 3518 3451 3562 servemur
3491 3521 3531 3563 a
3647 3504 3649 3535 ³

596 3602 793 3687 malo)
834 3599 919 3664 D.
949 3601 1053 3664 41.
1150 3596 1315 3665 Cum
1368 3596 1685 3661 infinitivo
1730 3606 1950 3663 contra
2005 3622 2196 3684 quam
2240 3599 2556 3666 cambrice
2613 3610 2725 3665 aut
2763 3601 2938 3666 idem
2981 3600 3303 3685 significat
3358 3600 3532 3685 quod
3648 3592 3649 3611 ἢ

595 3706 725 3771 hib.
768 3704 867 3785 do,
911 3702 1147 3767 cambr.
1184 3722 1259 3785 με
1317 3722 1401 3763 an
1440 3699 1571 3763 ioul
1608 3714 1853 3786 Jeqryst
1894 3724 1937 3764 a
1974 3722 2201 3787 ymvsys
2248 3700 2336 3786 yn
2379 3702 2584 3767 delma
2625 3726 2744 3790 ray
2779 3726 2825 3789 y
2867 3704 3146 3788 demptye
3203 3702 3531 3786 (diabolus
3647 3692 3649 3739 ὲ

598 3806 859 3874 Christo
902 3804 1062 3869 dixit
1113 3802 1211 3869 sic
1255 3801 1393 3867 eius
1436 3801 1788 3886 temptandi
1832 3803 2058 3887 causa)
2103 3802 2176 3868 P.
2224 3806 2320 3884 14,
2359 3807 2413 3867 1.
2479 3803 2670 3888 erbyn
2709 3796 2804 3869 Est
2843 3828 2962 3891 ray
3011 3826 3056 3890 y
3097 3805 3278 3869 welas
3327 3828 3373 3891 y
3437 3806 3531 3871 eth
3648 3798 3649 3805 '

598 3910 681 3971 ha
719 3930 841 3993 ray
876 3928 921 3991 y
960 3920 1202 3991 wer-3313
1244 3902 1531 3989 (obviam
1574 3900 1832 3967 Christo
1877 3904 1960 3968 ad
2001 3926 2145 3969 eum
2188 3905 2532 3970 videndum
2575 3904 2671 3969 illi
2714 3906 2969 3970 ivenmt
3010 3916 3076 3971 et
3118 3903 3199 3971 ad
3231 3928 3374 3973 eum
3421 3930 3532 3972 ve—

597 4008 979 4091 nerandum)
1025 4008 1127 4089 29,
1160 4008 1230 4089 2,
1287 4014 1397 4071 aut
1439 4026 1696 4070 causam
1741 4005 2087 4089 significata
2156 4028 2230 4071 en
2270 4008 2595 4093 scherem-‘ys
2649 4031 2689 4070 a
2739 4030 2948 4073 sorras
3001 4032 3121 4094 ray
3182 3995 3368 4073 bonas
3443 4002 3534 4073 ἕεις
3647 4008 3649 4019 ⁴

596 4111 843 4176 honoris
893 4110 1075 4194 (mali
1116 4108 1413 4175 homines
1458 4117 1988 4189 succensuerunt,
2045 4110 2200 4195 quia
2241 4108 2395 4176 Chr.
2441 4108 2795 4192 colebatur)
2855 4111 2953 4190 31,
2994 4112 3050 4173 1.
3151 4108 3533 4196 Composita

596 4212 989 4299 frequentius
1049 4234 1192 4277 cum
1237 4212 1385 4291 dhe,
1442 4211 1646 4276 rarius
1700 4234 1847 4276 cum
1891 4234 1932 4274 a
1985 4210 2091 4275 vel
2146 4210 2386 4297 duplici
2443 4210 2637 4295 adhy:
2693 4210 2780 4273 du
2831 4235 2872 4273 a
2913 4232 3094 4274 eonas
3133 4234 3220 4275 an
3261 4210 3422 4276 bara
3465 4226 3534 4295 32

597 4337 716 4403 ray
753 4336 798 4399 y
840 4312 1101 4399 abestely
1143 4313 1335 4397 (deus
1380 4313 1690 4398 signavit,
1736 4312 2066 4378 benedixit
2107 4334 2336 4398 panem
2379 4332 2594 4377 coram
2637 4312 2946 4397 apostolis
2993 4312 3160 4394 suis)
3215 4312 3290 4377 P.
3329 4316 3438 4395 44,
3477 4318 3530 4377 1.
3648 4318 3649 4405 j

599 4440 685 4481 an
725 4426 963 4500 παρίω·
1012 4438 1055 4480 α
1092 4436 1322 4502 qewsys
1366 4414 1449 4478 Ιια
1489 4430 1561 4497 3ο
1600 4436 1719 4499 ray
1763 4414 1888 4478 leae
1929 4414 2098 4499 kuny
2153 4413 2472 4499 (proditor
2513 4414 2676 4479 dixit
2719 4423 2782 4479 et
2814 4436 3026 4479 coram
3068 4414 3282 4479 multis
3324 4414 3532 4480 homi-
3648 4474 3649 4477 ,

598 4518 821 4602 nibus)
866 4518 1010 4598 240,
1048 4520 1103 4581 1.
1170 4538 1317 4601 may
1341 4517 1424 4599 fe
1466 4518 1599 4582 (ἰτὼ
1644 4532 1716 4601 3e
1754 4538 1876 4601 ray
1933 4516 2032 4578 σέι
2068 4512 2472 4599 pehadur[es]
2533 4513 2637 4597 (ut
2677 4514 3099 4581 adduceretur
3155 4527 3302 4581 ante
3347 4514 3534 4583 Chri·

601 4630 771 4685 stum
797 4614 1155 4706 peccatrix)
1187 4616 1287 4700 32,
1324 4619 1377 4679 1.
1431 4640 1519 4703 pa
1558 4644 1646 4682 na
1686 4640 1884 4703 vynne
1921 4616 2220 4703 yorthyby
2263 4640 2304 4680 a
2347 4616 2566 4701 thyrak
2607 4642 2692 4681 an
2735 4616 2980 4702 ‹zo-lythy
3026 4618 3232 4703 (quod
3273 4618 3534 4683 nolebat
3648 4654 3649 4687 ι

600 4720 987 4807 respondere
1032 4740 1243 4785 coram
1288 4720 1594 4806 dominis)
1636 4720 1721 4785 D.
1762 4722 1941 4786 1821.
2011 4721 2083 4803 ef
2116 4744 2158 4782 a
2201 4731 2401 4783 torrae
2440 4742 2482 4782 a
2523 4717 2640 4783 rak
2682 4742 2849 4804 aqan
2891 4720 3156 4804 layasow
3214 4720 3302 4803 (is
3341 4718 3534 4805 fregit
3647 4740 3649 4807 ᾗ

602 4844 818 4888 coram
843 4822 1047 4888 oculis
1076 4821 1333 4904 nostris,
1364 4823 1623 4907 panem)
1653 4822 1731 4887 R.
1769 4822 1948 4887 1492.
2007 4846 2046 4885 a
2073 4821 2371 4907 rakpilat
2401 4819 2642 4904 (coram
2669 4818 2777 4903 P.)
2820 4820 2898 4885 R.
2933 4822 3118 4886 2593.
3192 4820 3394 4885 kemer
3437 4822 3532 4883 the
3647 4808 3649 4889 f

600 4924 785 4987 walen
808 4972 823 4987 .
851 4969 866 4985 .
890 4974 905 4987 .
930 4948 974 4989 a
998 4944 1119 5011 ray
1160 4948 1247 4991 an
1289 4923 1459 4987 debel
1500 4923 1677 4989 hobal
1716 4924 1928 5007 (sume
1969 4924 2212 5009 virgam
2255 4932 2428 4988 tuam
2471 4944 2685 4987 coram
2711 4922 2882 4987 malo
2913 4922 3185 5008 populo)
3231 4921 3310 4989 Ο.
3345 4922 3528 4986 1843.
3647 4996 3649 5005 ⁴

772 5024 941 5092 Cum
980 5048 1165 5112 pron.
1212 5025 1352 5090 suff.
1408 5025 1747 5091 formulae:
1812 5027 2020 5113 rayqff
2054 5050 2142 5089 na
2181 5025 2448 5110 weleuyh.
2489 5024 2582 5089 οἱα
2624 5025 2918 5110 (propter
2958 5046 3060 5089 me
3101 5024 3304 5090 nolite
3343 5024 3528 5105 flere)
3648 5100 3649 5103 Ἴ

602 5124 679 5190 Ρ.
712 5126 855 5209 168,
884 5129 947 5191 4.
1014 5146 1123 5213 my
1160 5148 1233 5192 re
1272 5126 1444 5191 weles
1482 5148 1589 5210 φη
1631 5127 1859 5191 hum-vs
1900 5126 2244 5211 athyrayof
2276 5126 2332 5189 el
2371 5125 2538 5209 (vidi
2579 5126 2650 5193 in
2693 5124 2944 5191 somnio
2984 5146 3128 5197 meo
3171 5146 3384 5191 coram
3431 5146 3532 5189 me
3647 5146 3649 5189 τ
