3717 5642
865 367 944 434 V.
987 369 1067 435 2.
1131 385 1546 435 commen-ro
1588 383 2004 434 nm‘rmmcs
2046 381 2387 433 somnum.
2612 369 2746 429 (8⁵9.
2776 367 2897 420 860³
2962 365 3088 430 889

170 581 296 624 mus
341 557 944 638 sanctimonialium,
1011 555 1494 639 monasterium)
1547 553 1710 619 Buh.
1763 554 1858 634 18,
1904 556 2001 620 15.
2060 553 2163 634 38,
2196 555 2255 616 4.
2338 553 2541 636 leanty
2593 553 2697 618 vel
2756 554 3099 640 manachby'

170 660 590 742 (coenobium,
634 656 1144 741 monasterium),
1199 658 1460 741 coulmty
1502 654 2047 741 (columbarium),
2107 653 2379 718 ecubzech
2422 654 2816 742 (scopetum)
2836 703 2854 735 ,
2918 677 3088 719 mar-

169 761 430 826 ehatlech
472 760 929 846 (emptorium),
976 758 1230 822 carbone
1269 757 1548 842 (strata),
1593 757 1908 821 eroaeltent
1936 749 1980 838 (¹
1992 747 2401 842 compitum'),
2445 767 2821 842 mautquemt
2864 755 3085 844 (pellis

170 863 408 946 ovina),
455 883 806 948 caraquenn
852 859 1073 948 (pellis
1115 858 1349 942 cervi),
1407 858 1933 942 asquelloroclzenn
1977 848 2315 942 (‘noctua',
2363 857 2603 942 potius:
2666 857 3083 944 vespertilio),

167 965 448 1044 menclez,
492 963 798 1048 menyleuz
827 961 1274 1048 (lapicidium),
1317 959 1690 1025 marckbran
1721 959 2035 1044 (corvus),
2084 961 2368 1042 dourqui,
2412 959 2498 1044 pl.
2532 961 2807 1045 dom-yon
2838 958 3085 1042 (lutra),

167 1067 524 1151 dornyuenn
577 1063 794 1148 (ansa)
839 1063 1024 1132 cath.
1109 1063 1256 1126 lim-z
1301 1061 1584 1145 (hortus3
1643 1083 1816 1126 corn.
1861 1060 2146 1145 lowartlz)
2192 1059 2375 1128 Cath.
2422 1059 2555 1125 MJ.
2606 1061 2689 1124 64
2701 1083 2757 1128 8.
2836 1074 3089 1126 cernent

170 1165 416 1250 (turbo)
461 1163 645 1231 cath.
689 1164 851 1230 Buh.
885 1166 985 1246 94,
1025 1168 1075 1228 1.

329 1266 498 1331 Sunt
545 1267 636 1332 118
687 1266 1040 1353 composita
1089 1263 1354 1330 nomina
1410 1273 1475 1328 et
1527 1263 1802 1327 virorum
1858 1269 1922 1328 et
1971 1263 2342 1329 feminarum
2406 1273 2658 1330 vetusta
2713 1263 3084 1350 compluria.

169 1366 406 1432 Camb
423 1367 621 1432 rica:
670 1367 1078 1454 Catyualatyr
1103 1366 1288 1452 (belli
1319 1361 1478 1450 dux)
1505 1363 1582 1430 L.
1615 1363 1816 1430 Land.
1855 1367 1991 1430 124.
2038 1363 2311 1430 Catuuth
2354 1367 2637 1454 (pugnae
2683 1364 2898 1449 ardor)
2946 1367 3085 1430 191.

173 1465 365 1531 Clotri
405 1468 630 1553 (germ.
663 1467 1104 1550 Ohlodoricus,
1149 1467 1354 1554 gloria
1380 1466 1689 1551 insignis)
1729 1467 2042 1531 168.169.
2106 1465 2399 1532 Ouo-ditat
2434 1458 2727 1552 (puella,
2771 1465 2905 1532 filia
2932 1465 3092 1533 Oin-

169 1560 364 1655 gual'3
425 1571 466 1634 i.
515 1591 570 1636 e.
625 1591 777 1636 auro
829 1569 1092 1650 vestita3
1151 1570 1228 1633 cf.
1291 1567 1637 1652 Creidylat,
1695 1589 1925 1633 nomen
1976 1567 2248 1633 feminae
2306 1586 2509 1654 comp.
2566 1589 2707 1634 cum
2763 1567 2885 1634 adi.
2929 1587 3099 1654 crey,

173 1671 566 1758 splendidus,
609 1671 680 1736 in
721 1671 894 1737 Mab.
927 1673 985 1753 2,
1018 1672 1160 1752 212,
1209 1671 1408 1736 subet.
1454 1688 1648 1735 masc.
1693 1669 1854 1732 dicat
1892 1691 2080 1735 verso
2130 1669 2198 1733 in
2240 1669 2414 1750 fem.,
2462 1679 2533 1734 ut
2576 1691 2667 1754 gr.
2718 1665 3036 1744 ufsni-⁰9⁸
3016 1691 3097 1734 ι8·

174 1763 204 1855 ἡ
260 1793 368 1856 un
351 1765 768 1858 υσόπεπλος)
827 1773 968 1838 260
1067 1772 1565 1838 Aremorica:
1638 1770 2003 1852 Cathoiarn,
2064 1771 2431 1836 Budhoiarn
2496 1769 2757 1854 (ferrum
2816 1792 3087 1858 pugnae,

173 1872 510 1957 victoriae)
554 1881 673 1939 ete.
715 1874 786 1938 in
829 1871 1026 1938 chart.
1069 1872 1273 1938 Rhed.

329 1975 660 2041 Interdum
705 1975 1170 2041 substantivum
1210 1974 1593 2064 primarium,
1639 1974 1810 2060 qnod
1853 1921 2276 2060 praecedente
2320 1975 2517 2040 altero
2564 1973 2921 2040 accuratius
2967 1972 3089 2039 cir-

174 2078 512 2144 cumscribi
563 2077 669 2143 vel
721 2077 889 2142 finiri
935 2078 1116 2158 solet,
1161 2079 1228 2142 in
1287 2076 1750 2162 compositione
1813 2076 2169 2168 britannica
2222 2097 2348 2142 non
2408 2075 2823 2162 posteriorem
2878 2075 3089 2141 locum

174 2187 362 2260 tenet,
411 2179 528 2245 sed
572 2177 871 2266 priorem,
917 2189 990 2242 ut
1032 2179 1096 2244 in
1144 2179 1509 2245 cambricis.
1567 2179 1854 2264 rytyclzen
1899 2176 2161 2260 (vadum
2208 2181 2427 2261 boum,
2474 2177 2640 2263 angl.
2691 2175 3091 2258 Oxenaford)

173 2279 340 2346 nab.
376 2281 438 2361 3,
469 2279 614 2344 303.
669 2279 1016 2345 Mamouric
1057 2281 1150 2364 (τε
1197 2277 1732 2366 Mauricomagus,
1775 2279 1957 2344 locus
2000 2279 2329 2364 Mauricii)
2372 2279 2445 2344 L.
2493 2279 2696 2344 Laud.
2745 2279 2893 2358 1973
2953 2296 3062 2342 cor

174 2381 364 2446 uicis:
409 2381 694 2445 mamaid
736 2378 849 2465 (gl.
895 2381 1135 2460 nutri13
1183 2380 1223 2444 i.
1257 2403 1309 2445 e.
1350 2381 1738 2462 mammetem,
1781 2389 1985 2446 mater
2024 2379 2421 2463 nutritionis)
2472 2379 2623 2446 Voc.
2659 2383 2735 2444 7⁸.
2792 2377 3095 2443 maer-buit

175 2480 640 2566 (dispensator)
685 2479 764 2546 8⁸.
829 2495 1010 2568 qorty
1054 2481 1378 2567 (maritus)
1421 2483 1500 2550 O.
1548 2483 1685 2548 181.
1731 2483 1887 2561 2953
1934 2501 2121 2545 arem.
2169 2482 2501 2544 Iostlouam
2558 2483 2792 2568 (genus
2835 2481 3088 2560 herbae,

175 2583 248 2647 cf.
278 2605 480 2669 germ.
509 2582 1044 2668 fuchsschwanz),
1087 2585 1522 2669 meurzlarqiez
1567 2577 1610 2668 (⁴
1623 2575 2101 2670 carnicapium')
2136 2583 2320 2648 Gath.
2384 2581 2878 2649 Praemittuntur
2908 2581 3091 2648 etiam

177 2684 578 2750 substantiva
619 2685 994 2766 britannica,
1041 2695 1111 2750 ut
1140 2685 1469 2752 hibernica
1497 2689 1589 2772 (p.
1621 2686 1797 2768 854),
1841 2685 1911 2749 in
1955 2684 2431 2769 compositione,
2479 2705 2641 2768 quae
2686 2684 2753 2749 in
2782 2683 2927 2749 aliis
2972 2683 3093 2748 lin-

175 2786 314 2872 guis
347 2809 484 2852 non
513 2797 662 2854 sunt
689 2787 816 2852 nisi
847 2787 1164 2874 apposita,
1207 2797 1278 2852 ut
1317 2788 1388 2852 in
1417 2787 1786 2853 embricis·
1829 2805 2086 2870 pensam·
2114 2784 2325 2867 (faber
2350 2785 2672 2871 princeps,
2716 2783 3089 2872 primarius,
3072 2779 3105 2826 ·²

170 2909 354 2971 pem,
411 2890 636 2975 caput)
690 2887 864 2954 Mab.
905 2890 966 2970 2,
1009 2889 1150 2953 243.
1217 2888 1586 2976 pennleynyd
1636 2889 1935 2973 (venator
1977 2886 2135 2970 dux)
2188 2887 2251 2966 2,
2297 2887 2355 2950 7.
2396 2887 2539 2951 226.
2590 2885 3093 2972 pennllemkidyd

175 2989 367 3070 (inter
424 2989 728 3055 salientes
755 2990 1077 3077 princeps,
1124 3011 1314 3078 germ.
1345 2989 1867 3077 hauptspringer)
1896 2991 1955 3071 2,
1988 2989 2130 3054 209.
2214 2987 2341 3053 His
2368 2986 2765 3054 adnumerari
2792 2995 3092 3073 poterunt

171 3093 442 3176 plurima
483 3091 744 3158 nomina
783 3092 1142 3157 britannica
1183 3090 1491 3173 locorum,
1545 3091 1610 3156 in
1657 3091 1889 3178 quibus
1933 3089 2327 3177 praecedunt
2368 3091 2507 3172 din,
2552 3111 2693 3156 caer
2734 3084 3087 3175 (oppidum,

171 3193 472 3279 civitas),
524 3192 672 3274 oreb,
718 3190 849 3275 1νᾷ
883 3191 1157 3276 (vicus),
1228 3193 1374 3258 laun
1419 3193 1618 3277 (area,
1667 3192 1977 3280 ecclesia)
2019 3201 2137 3256 etc.
2231 3141 2507 3258 Etiamsi
2550 3189 2826 3256 omnium
2866 3188 3091 3256 horum

169 3317 297 3358 non
355 3303 458 3360 est
510 3291 888 3381 compositio
928 3315 1108 3374 vera,
1171 3294 1287 3360 sed
1327 3293 1543 3381 potius
1586 3305 1699 3360 aut
1739 3293 2058 3382 appositio
2115 3303 2223 3357 aut
2266 3291 2655 3359 consociatio
2710 3288 3090 3358 substantivi

173 3415 318 3460 cum
363 3396 685 3482 genetivo,
729 3395 796 3460 id
838 3395 1008 3480 quod
1051 3395 1495 3482 comprobatur
1537 3395 1993 3462 declinatione:
2060 3416 2132 3458 ae
2174 3395 2516 3480 vrodoryon
2558 3393 2759 3458 meeth,
2811 3393 2909 3477 (et
2951 3391 3090 3458 eius

169 3496 400 3562 fratres
444 3497 714 3582 alumni)
755 3493 931 3563 Mab.
979 3498 1036 3578 2,
1079 3497 1232 3578 371;
1285 3497 1606 3562 invenitur
1655 3507 1867 3563 tamen
1920 3519 2000 3562 ex
2051 3497 2255 3563 isdem
2305 3514 2649 3582 progressa
2703 3514 2833 3559 non
2889 3490 3089 3558 solnm

171 3597 392 3664 flexio:
459 3597 830 3664 tamaetheu
883 3599 1127 3683 (patres
1179 3598 1468 3682 nutricii)
1526 3601 1583 3682 3,
1633 3600 1742 3680 35,
1805 3599 1916 3665 sed
1975 3599 2163 3664 etiam
2220 3597 2559 3663 derivatio:
2622 3595 3107 3682 pennteuluaeth·

64 3773 67 3784 Ι
169 3700 436 3783 (munus
479 3699 740 3765 maioris
782 3698 1040 3780 domus)
1082 3700 1141 3780 2,
1174 3699 1316 3764 372.

338 3799 678 3881 Quaedam
727 3799 1132 3866 substantiva
1175 3802 1430 3888 saepius
1477 3811 1587 3867 aut
1626 3801 1903 3888 priorem
1950 3801 2157 3866 iocum
2202 3809 2311 3864 aut
2350 3799 2761 3886 posteriorem
2806 3799 3092 3865 obtinere

170 3903 689 3989 compositionis,
737 3913 808 3967 ut
845 3903 916 3966 in
945 3900 1230 3986 qualibet
1269 3902 1489 3988 lingua
1531 3903 1674 3984 alia,
1718 3904 1810 3967 118
1851 3903 1919 3967 18
1952 3903 2306 3969 britannica
2332 3913 2524 3990 patet.
2598 3899 2688 3967 Ut
2726 3899 2900 3966 idem
2942 3902 3091 3967 sub-

173 4005 522 4070 stantivum
577 4001 972 4088 frequentius
1013 3999 1225 4086 priore
1268 4004 1437 4070 loco:
1501 4005 1734 4069 cambr.
1778 4003 2024 4068 laubael
2082 4003 2196 4090 (gl.
2244 4003 2587 4085 secularia3
2650 4002 2691 4066 i.
2737 4024 2790 4068 8.
2850 4003 3093 4069 securis

167 4105 524 4190 manualis)
567 4105 654 4190 gl.
696 4104 818 4170 Ox.
850 4103 928 4169 B.
971 4104 1097 4169 42⁵.
1178 4105 1636 4192 llawuorynyon
1689 4105 1969 4191 (puellae
2022 4126 2061 4170 8
2100 4105 2424 4187 manibus,
2483 4104 2735 4188 servae)
2794 4101 2965 4170 Mab.
3006 4103 3093 4190 sq.

172 4208 468 4273 morht-aa
487 4206 605 4293 (31.
629 4227 906 4292 merges3
935 4207 977 4270 i.
1003 4227 1055 4271 e.
1089 4225 1318 4270 corvus
1345 4207 1658 4292 marinus)
1688 4208 1774 4293 gl.
1801 4205 1923 4272 Ox.
1945 4208 2025 4273 5⁵.
2060 4205 2251 4274 Corn.
2282 4205 2564 4272 mov-koch
2588 4205 2701 4292 (gl.
2727 4204 3091 4292 delphinus·;

167 4311 208 4373 i.
255 4331 314 4374 e.
363 4329 478 4373 sus
521 4307 776 4390 maiis),
837 4307 1065 4372 mov-uic
1114 4305 1228 4392 (gl.
1274 4313 1482 4388 cetus3
1526 4307 1563 4372 i.
1616 4331 1669 4374 e.
1714 4309 1949 4374 animal
1990 4308 2317 4391 marinum,
2361 4307 2559 4390 weil),
2607 4309 2935 4370 men-uadet-
2978 4304 3092 4390 (31.

169 4431 463 4490 murena3
507 4410 552 4473 i.
587 4430 642 4473 e.
673 4409 900 4494 anguis
927 4407 1045 4493 m.)
1080 4407 1238 4474 Voc.
1265 4410 1343 4475 8⁸.
1411 4412 1624 4474 Arem.
1653 4411 1978 4476 morhonch
2010 4409 2430 4496 (delphinus),
2460 4409 2837 4494 morqademz
2867 4407 3095 4493 (piscis

169 4510 482 4596 quidam),
528 4509 814 4595 morqlau
847 4532 930 4595 pe
973 4511 1322 4575 morlucenn
1367 4503 1731 4595 (nimbus’)
1778 4508 1961 4576 Ceth.

337 4611 762 4678 Substantiva
815 4613 883 4676 in
926 4612 1286 4698 posteriore
1326 4611 1470 4678 loco
1515 4612 1853 4697 compositi
1908 4609 2353 4696 frequentiora.
2440 4607 2692 4676 Cambr.
2728 4612 2913 4696 ywyd
2964 4610 3095 4695 (ar-

171 4715 384 4795 bores,
431 4711 748 4796 collect.):
777 4714 1049 4798 ffawyd,
1075 4713 1424 4798 ffenyowyd
1464 4713 1642 4798 (fagi,
1688 4711 1858 4798 pini)
1900 4710 2073 4777 Mab.
2110 4715 2163 4791 l,
2197 4713 2253 4774 ⁷.
2286 4713 2395 4792 293
2451 4731 2619 4776 corn.
2658 4731 2816 4796 pren
2860 4711 3095 4795 (arbor,

173 4814 477 4900 lignum),
525 4814 608 4876 les
651 4812 908 4898 (herba)
951 4814 1020 4877 in
1063 4813 1428 4879 nominibus
1473 4816 1764 4880 arborum
1807 4813 1913 4878 vel
1954 4812 2283 4877 herbarum
2326 4811 2393 4876 in
2434 4811 2620 4878 Voc.:
2656 4811 2923 4898 pinbren
2968 4813 3096 4900 (pi-

171 4916 352 5000 nus),
391 4915 666 5000 per-bren
710 4914 979 5000 (pirus),
1008 4915 1244 4996 flebo-en
1289 4914 1547 5000 (ficus),
1588 4916 1892 5002 quinbren
1936 4913 2178 4999 (vitis),
2226 4911 2546 5000 mayr-bren
2589 4913 2887 4999 (morus),
2932 4915 3097 4978 oleu-

175 5017 314 5082 bren
361 5015 606 5101 (olea),
661 5015 884 5080 berelae
926 5015 1319 5100 (consolida)
1365 5027 1484 5081 etc.
1584 5015 1688 5082 De
1733 5016 1964 5082 cambr.
2004 5037 2161 5102 yur,
2218 5039 2351 5102 qm·
2408 5015 2567 5100 (vir)
2620 5013 2877 5098 videas,
2934 5039 3098 5104 quae

175 5139 366 5209 supra
419 5117 516 5205 (p.
556 5116 718 5202 828)
770 5115 1248 5198 adnotavimus3
1309 5117 1720 5186 inveniuntur
1775 5127 1987 5184 tamen
2043 5116 2359 5184 cambi-ica
2412 5116 2719 5182 hodierna
2786 5119 3097 5187 eiusmodi
