3717 5642
779 387 905 456 ΠΙ.
952 389 1012 455 2.
1074 407 1276 456 vnum
1319 407 1499 456 ntur.
1547 407 1776 458 Aca-m
1819 409 2051 458 raus,
2100 409 2189 458 m*
2232 411 2386 458 rur.
2432 410 2716 461 succan.
2890 399 3034 460 (⁵09)
3097 399 3221 461 519

289 601 326 638 a
360 575 548 661 ygffut
587 577 914 642 order-chat
953 598 1034 642 ar
1068 597 1150 662 φ·
1190 600 1276 642 un
1319 603 1362 642 a
1401 589 1636 662 vynnut
1676 577 1955 643 onadunt
2006 579 2103 662 (et
2143 587 2215 645 tu
2258 579 2512 647 videbis
2570 605 2801 670 agmen
2858 585 3210 670 puellarum

291 677 644 744 amabilium
698 677 768 742 in
813 678 956 744 aula
1009 677 1160 761 hac;
1217 691 1281 744 et
1325 703 1570 762 sumas,
1623 703 1869 746 sumere
1913 683 2183 767 poteris,
2255 683 2335 748 ad
2391 685 2728 751 amandum
2782 709 2967 751 unam
3027 710 3211 774 quam

289 780 562 846 volueris
607 803 688 846 ex
715 779 830 865 iis)
869 784 924 860 1,
955 781 1098 848 272.
1162 779 1292 844 beth
1337 805 1378 844 a
1419 783 1634 868 vynnit
1675 783 1726 844 ti
1766 781 1955 869 (quid
2000 783 2201 852 velles
2244 785 2389 870 tu?)
2438 790 2492 868 1,
2526 787 2667 852 241.

452 880 647 948 Corn.
693 879 828 964 YS,
874 881 1014 951 ES:
1061 907 1146 948 an
1191 882 1428 970 Ia[h]ys
1469 909 1512 949 a
1558 883 1923 971 breqowthys
1966 887 2175 974 (leges
2222 911 2380 974 quas
2410 889 2867 977 praedicabas)
2911 891 2985 960 P.
3023 897 3121 978 78,
3155 897 3213 963 3.

290 985 494 1070 temple
546 985 660 1048 dev
711 1007 797 1070 yn
853 995 1158 1071 matrerm&
1209 987 1332 1072 hay
1384 995 1518 1050 arte
1571 985 1694 1070 hyn
1739 1007 1866 1070 pen
1922 999 2021 1074 try
2075 989 2223 1074 aych
2276 991 2423 1076 quel
2469 1013 2543 1076 ys
2584 991 2735 1078 leym
2785 1017 2871 1080 yn
2916 995 3213 1082 dreheuys

291 1085 620 1174 (templum
655 1087 777 1168 dei,
821 1096 886 1152 te
928 1087 998 1151 id
1029 1085 1492 1153 destructurum
1539 1094 1602 1152 et
1629 1108 1850 1152 rursus
1896 1097 2043 1154 ante
2070 1089 2265 1155 finem
2308 1089 2499 1156 tridui
2530 1093 2761 1162 melius
2810 1118 2999 1182 quam
3029 1107 3219 1164 antea

285 1187 345 1252 id
393 1188 787 1273 erecturum)
828 1188 912 1254 D.
947 1187 1302 1253 2862-64.
1370 1185 1504 1273 heys
1545 1189 1813 1274 vynytha
1853 1212 1898 1274 y
1927 1189 2227 1256 wharthes
2272 1192 2371 1277 (in
2400 1204 2777 1280 perpetuum
2817 1197 3081 1282 rideres,
3129 1199 3215 1264 ri-

287 1311 472 1354 surus
517 1290 696 1376 eras)
742 1289 821 1357 O.
859 1291 997 1358 153.
1076 1289 1334 1354 attebres
1389 1289 1477 1375 (si
1524 1290 1777 1375 ederes)
1825 1290 1905 1358 O.
1952 1293 2092 1358 175.
2161 1317 2199 1357 a
2242 1293 2472 1378 tryclces
2509 1318 2597 1381 yn
2642 1309 2733 1362 tre
2776 1299 2866 1383 (si
2896 1323 3209 1383 maneres,

287 1393 636 1458 mansisses
667 1389 869 1476 domi)
909 1390 989 1457 R.
1025 1393 1206 1458 1381.
1277 1415 1362 1456 an
1403 1391 1536 1456 leeth
1569 1393 1795 1477 prosus
1839 1419 1881 1458 a
1908 1393 2167 1479 whylyes
2209 1395 2409 1481 (idem
2438 1398 2753 1484 propheta
2794 1423 2985 1486 quem
3016 1425 3211 1489 quae·

289 1494 502 1578 rebas)
545 1493 624 1560 R.
662 1495 843 1559 1680.
909 1517 992 1560 aa
1030 1495 1300 1580 qualesta
1343 1517 1384 1558 α
1428 1493 1716 1581 thyrayos
1760 1494 1848 1580 (si
1892 1505 1961 1560 tu
2005 1496 2260 1564 videres
2308 1521 2451 1564 eum
2493 1520 2708 1566 coram
2750 1502 2845 1587 te)
2892 1502 2967 1568 R.
3001 1504 3146 1569 861.

439 1599 664 1662 Arem.
709 1595 848 1664 ES:
907 1619 1002 1661 me
1056 1619 1128 1660 eu
1171 1619 1299 1660 arm
1341 1595 1498 1681 keny
1523 1647 1536 1660 .
1572 1644 1585 1659 .
1613 1645 1626 1660 .
1663 1621 1704 1660 a
1747 1619 1919 1660 cares
1970 1597 2124 1684 (ego
2180 1621 2320 1666 sum
2373 1602 2434 1667 is
2489 1623 2679 1686 quem
2720 1603 3011 1690 amabas)
3070 1603 3207 1672 MJ.

293 1697 480 1764 183b.
547 1721 589 1762 a
632 1697 784 1761 doen
810 1748 824 1762 .
853 1747 866 1760 .
892 1749 907 1762 .
941 1719 1018 1761 ne
1061 1697 1260 1760 dleltes
1307 1707 1437 1760 tam
1491 1696 1669 1781 (eum
1709 1709 1963 1784 portare
2004 1699 2264 1766 minime
2310 1699 2623 1790 debebas)
2686 1706 2879 1771 149b.
2959 1705 3100 1772 boat
3140 1731 3213 1772 en

288 1820 392 1884 nep
427 1799 672 1882 faczon
710 1799 1012 1884 par-donet
1053 1821 1129 1862 ne
1171 1797 1382 1884 yalhes
1426 1809 1564 1883 quet
1607 1812 1818 1885 nepret
1880 1800 2043 1885 (ulla
2082 1801 2329 1870 ratione
2374 1803 2621 1890 ignosci
2675 1805 2791 1871 tibi
2834 1829 2964 1873 non
3006 1809 3217 1894 possit.

291 1900 595 1986 unquam)
639 1901 721 1967 88
733 1901 796 1966 b.

446 2005 508 2070 3.
541 2025 711 2089 pers.
757 2001 992 2069 cambr.
1024 1999 1137 2067 ΕΙ.
1203 1999 1379 2066 Ind.:
1425 2024 1508 2088 ny
1538 2003 1931 2090 doethoedynt
1967 2026 2091 2090 yae
2120 2027 2351 2090 namgm
2394 2027 2472 2070 ar
2495 2029 2630 2093 ρων
2658 2010 2939 2095 mwyhof
2970 2036 3011 2074 a
3036 2015 3217 2097 qao-ei

291 2104 394 2190 bop
435 2129 526 2168 tm
569 2105 846 2170 onadunt
888 2104 1045 2189 (non
1088 2114 1400 2170 venerant
1441 2125 1515 2170 eo
1560 2104 1686 2169 nisi
1733 2127 1878 2171 cum
1921 2107 2061 2172 viro
2106 2128 2295 2192 quem
2340 2129 2627 2194 quaeque
2674 2131 2890 2176 earum
2932 2114 3211 2180 maxime

288 2207 562 2292 amabat)
605 2205 782 2271 Mab.
818 2209 871 2288 1,
907 2206 1006 2271 36.
1075 2229 1158 2292 ny
1202 2205 1630 2292 chyuannhaei
1667 2229 1789 2270 nar
1826 2209 2107 2293 ystwffwl
2146 2233 2268 2272 nar
2308 2209 2530 2296 cledyf
2558 2211 2718 2295 (non
2762 2215 3214 2281 concrescebat

289 2331 400 2374 nec
446 2309 672 2376 clavus
713 2329 838 2374 nec
879 2307 1162 2394 gladius)
1213 2311 1268 2390 1,
1301 2307 1446 2372 247.
1513 2329 1597 2392 ⁷²3!
1643 2309 1790 2373 adei
1829 2309 2049 2394 qumi
2088 2310 2251 2395 (non
2278 2311 2687 2395 permittebat
2714 2313 2771 2377 is
2801 2313 2985 2398 mihi)
3016 2317 3075 2397 2,
3110 2319 3209 2384 55.

283 2435 403 2496 pan
443 2411 598 2498 yuei
635 2431 671 2474 ο
696 2410 868 2474 wual
909 2411 1086 2492 (cum
1117 2408 1378 2474 bibebat
1421 2431 1456 2473 e
1489 2429 1686 2474 cornu
1727 2408 1978 2495 bubali)
2010 2409 2147 2478 CN.
2181 2433 2369 2477 carm.
2404 2413 2504 2476 31.
2595 2412 2811 2480 Coni.:
2857 2438 2929 2478 eu
2972 2417 3209 2482 hemen-

288 2512 428 2597 dytk
471 2533 550 2576 av·
587 2533 633 2596 y
673 2532 792 2597 nep
833 2509 1108 2596 eykemry
1152 2510 1388 2594 aleco-ey
1433 2509 1975 2594 (maledictionem
2020 2535 2215 2594 suam,
2266 2513 2577 2596 dixerunt,
2621 2515 2691 2581 in
2736 2539 2877 2580 eum
2918 2515 2987 2580 in
3018 2517 3211 2585 Cam·

285 2613 445 2696 bris,
491 2613 604 2699 qui
645 2612 958 2694 vitiasset,
1001 2610 1218 2696 leges)
1261 2610 1418 2696 Leg.
1462 2610 1660 2698 praef.
1749 2609 1989 2678 Cond.:
2059 2625 2121 2678 οε
2162 2615 2373 2680 archei
2410 2618 2602 2680 ereint
2642 2617 2811 2682 idaw
2850 2620 3091 2702 peidaw
3136 2643 3213 2686 αι·

280 2737 482 2801 ywere
524 2715 764 2780 kwnnw
807 2715 880 2799 ef
910 2711 1152 2779 absidei
1191 2713 1334 2798 vytlz
1357 2713 1660 2799 ynllawen
1705 2735 1780 2778 ac
1809 2714 1879 2793 ef
1914 2713 2002 2797 (si
2031 2713 2281 2782 iuberet
2308 2713 2657 2783 Gerontius
2702 2741 2849 2784 eum
2897 2719 3208 2788 desistere

286 2819 362 2885 ab
403 2817 514 2884 illo
557 2816 735 2899 lude,
780 2817 923 2902 ipse
969 2814 1324 2882 destitisset
1367 2837 1628 2902 prorsus
1678 2814 1967 2889 libenter„
1994 2816 2073 2881 ab
2120 2816 2226 2901 eo)
2270 2815 2444 2887 Mab.
2478 2821 2535 2904 2,
2568 2821 2668 2886 63.
2716 2823 2827 2906 pei
2851 2825 3112 2908 asyattei
3136 2825 3209 2888 lit

284 2921 442 2986 idm
482 2919 572 3005 (si
617 2918 686 2984 id
729 2918 1132 3006 permisisset
1173 2917 1270 2982 ira
1315 2917 1404 3000 ei)
1449 2917 1507 2998 2,
1537 2917 1642 2981 41.

445 3021 642 3089 Corn.
687 3019 767 3101 E,
813 3019 900 3102 Y,
941 3019 1025 3084 A.
1113 3017 1286 3084 Ind.:
1349 3019 1656 3105 mmmmm
1699 3043 1740 3084 a
1781 3042 1978 3106 vynne
2032 3021 2349 3107 (equitare
2392 3021 2677 3108 volebat)
2734 3021 2808 3088 P.
2854 3026 2954 3107 28,
3000 3029 3056 3090 4.
3124 3049 3207 3112 ny

276 3124 400 3210 ylty
458 3125 622 3209 (non
661 3121 943 3210 poterat)
1003 3121 1103 3204 83,
1137 3119 1196 3186 3.
1256 3121 1398 3203 207,
1431 3121 1489 3184 2.
1556 3119 1669 3186 neb
1722 3147 1763 3185 a
1805 3145 2011 3208 vynna
2062 3146 2103 3186 α
2141 3124 2272 3209 ylly
2313 3145 2544 3190 neaera
2585 3125 2671 3189 oll
2715 3149 2759 3210 y
2798 3147 3011 3211 yser-en
3068 3127 3205 3212 (qui

278 3225 562 3308 volebat,
621 3232 877 3312 poterat
915 3245 1245 3289 numerare
1289 3223 1506 3288 omnia
1547 3223 1685 3289 eius
1730 3223 1912 3308 ossa)
1972 3225 2109 3304 183,
2155 3227 2212 3291 3.
2276 3248 2349 3311 ys
2386 3241 2614 3312 903evy
2674 3227 2817 3312 (eos
2860 3228 3203 3310 tolerabat)

280 3327 424 3410 227,
453 3329 513 3392 4.
581 3349 668 3412 ny
709 3326 860 3410 wely
906 3323 1112 3390 banna
1155 3324 1316 3409 (non
1359 3323 1620 3391 videbat
1661 3334 1931 3411 guttam,
1979 3323 2356 3411 quidquam)
2412 3328 2553 3410 217,
2586 3331 2643 3392 2.
2710 3330 2783 3413 qt'
2814 3354 2853 3394 a
2892 3352 3088 3415 yae-a,
3144 3331 3217 3415 ef

277 3451 358 3512 ny
381 3451 546 3514 qara
591 3428 894 3513 (amabat,
937 3449 1066 3492 non
1097 3425 1530 3509 desiderabat)
1567 3426 1705 3506 109,
1739 3425 1796 3490 2.
1849 3427 1991 3508 110,
2025 3427 2081 3490 2.
2139 3441 2421 3512 oynment
2462 3451 2496 3494 ο
2540 3453 2581 3494 α
2605 3451 2885 3516 yymmys
2926 3453 3033 3496 ras
3060 3453 3205 3518 may

281 3547 434 3615 we3e
482 3531 636 3615 corf
662 3529 773 3594 loeb
805 3529 1007 3614 pedry
1067 3527 1487 3614 (unguentum
1530 3527 1702 3614 quod
1747 3535 1961 3593 tantae
2002 3527 2259 3595 virtutis
2304 3539 2439 3596 erat
2456 3579 2474 3612 ,
2533 3540 2604 3594 ut
2646 3543 2929 3597 servaret
2970 3553 3203 3618 corpus

273 3656 398 3700 non
443 3633 856 3722 putrescens)
898 3632 1040 3712 235,
1076 3631 1134 3696 2.
1225 3629 1772 3716 Impersonaliter:
1819 3649 1917 3691 me
1946 3650 2029 3712 ny
2050 3629 2215 3715 ,qaffe
2254 3631 2413 3716 soyle
2455 3655 2561 3697 vas
2603 3655 2749 3718 may
2775 3633 2857 3717 fo
2902 3633 3205 3719 dampnys

277 3737 434 3819 (non
485 3734 891 3801 inveniebam
943 3753 1197 3798 causam
1255 3732 1519 3812 iustam,
1577 3741 1647 3794 ut
1702 3728 2136 3814 damnaretur)
2198 3731 2335 3812 142,
2388 3734 2445 3798 4.
2561 3729 2777 3800 Geni:
2829 3735 3008 3818 mech
3059 3755 3204 3819 pesy

273 3861 412 3924 may
456 3837 621 3904 halle
679 3835 853 3920 (ivit,
911 3845 982 3899 ut
1024 3855 1202 3900 orare
1243 3833 1496 3921 posset)
1554 3835 1656 3914 53,
1698 3833 1756 3896 3.
1859 3829 2063 3899 Cond.
2112 3841 2177 3900 et
2216 3842 2377 3922 pot.:
2448 3836 2598 3920 drey
2642 3836 2757 3899 den
2809 3859 2895 3920 yn
2944 3857 3107 3920 peyn
3162 3859 3203 3899 a

275 3939 430 4004 calla
486 3937 686 4024 (ferre
727 3935 1044 4002 hominem
1097 3935 1166 4000 in
1209 3957 1480 4022 poenam
1540 3934 1595 4000 si
1635 3934 1875 4022 possit)
1922 3935 2021 4016 21,
2054 3937 2113 3999 4.
2190 3935 2363 4021 casos
2413 3959 2457 4021 y
2498 3935 2641 4001 mab
2683 3959 2825 3999 mar
2867 3935 3018 4000 calle
3072 3935 3202 4020 (in-

272 4043 486 4106 venire
527 4039 734 4106 filium
779 4061 958 4104 suum
1006 4039 1061 4103 si
1105 4037 1360 4124 posset)
1415 4038 1555 4119 164,
1599 4036 1657 4101 3.
1731 4057 1875 4100 mar
1915 4059 1986 4100 as
2039 4037 2239 4102 ladtre
2292 4038 2571 4102 tlzeworto
2626 4037 2713 4123 (si
2758 4059 2929 4119 eam,
2993 4059 3198 4117 ovem,

275 4142 509 4210 furetur
557 4141 648 4228 ei)
694 4139 774 4208 Ο.
805 4141 990 4205 2232.

431 4247 654 4311 Arem.
697 4241 788 4308 E:
832 4265 919 4306 uu
962 4239 1098 4305 ael.
1125 4287 1141 4303 .
1166 4288 1181 4304 .
1214 4264 1254 4303 a
1289 4259 1594 4326 prezeqae
1635 4239 1752 4303 hac
1780 4263 1820 4302 a
1853 4239 2064 4304 lavare
2105 4241 2404 4328 (angelus
2433 4241 2847 4328 praedicabat
2888 4251 2951 4306 et
2978 4240 3201 4326 loque-

271 4345 478 4431 batur)
509 4343 648 4412 MJ.
681 4345 805 4411 218
822 4346 882 4411 b.
945 4343 1015 4424 ῳ(
1050 4366 1128 4409 on
1155 4363 1298 4407 care
1339 4342 1446 4406 ker
1491 4342 1601 4406 dre
1641 4363 1750 4404 :oa
1785 4341 1897 4404 beu
1933 4341 2107 4428 (ipse
2139 4344 2391 4410 amabat
2418 4365 2538 4410 nos
2571 4343 2871 4430 quamdiu
2912 4341 3201 4427 vivebat)

277 4449 460 4515 159b.
543 4469 738 4513 aman
778 4469 882 4511 ma
925 4445 1139 4510 hanan
1192 4465 1257 4508 ez
1299 4465 1524 4509 manen
1583 4443 1700 4507 den
1751 4467 1796 4506 a
1836 4463 1953 4528 nep
2000 4465 2128 4529 pen
2182 4465 2318 4508 nem
2357 4447 2611 4532 youlene
2666 4446 2788 4530 (ibi
2845 4467 2964 4530 ego
3022 4443 3198 4510 solus

273 4551 623 4632 manebam,
669 4547 860 4616 homo
903 4547 1084 4614 nullo
1127 4546 1314 4612 modo
1359 4568 1459 4611 me
1504 4543 1879 4631 quaerebat)
1923 4543 2086 4609 Buh.
2136 4546 2231 4627 12,
2267 4547 2367 4610 20.
2400 4547 2499 4611 21.
2570 4548 2678 4612 doe
2720 4569 2859 4610 maz
2903 4567 3045 4609 care
3088 4546 3200 4609 dre

273 4671 301 4712 e
338 4673 488 4715 aeter
531 4671 639 4716 am
677 4652 872 4738 yrahe
909 4650 1108 4715 saluet
1147 4647 1297 4732 (deo
1343 4647 1398 4713 si
1441 4647 1712 4734 placeat,
1757 4667 1874 4734 per
1914 4647 2268 4732 potentiam
2312 4670 2495 4714 suam
2537 4671 2636 4713 me
2680 4647 2876 4714 faciat
2920 4645 3195 4730 salvum)

277 4751 406 4834 106,
437 4753 542 4818 23.
576 4753 678 4818 24.
731 4774 810 4817 ne
844 4751 1006 4838 qalle
1049 4751 1166 4814 den
1207 4749 1376 4814 chom
1419 4749 1581 4834 (non
1625 4755 1846 4835 posset
1891 4749 2229 4835 quisquam
2272 4748 2559 4833 manere)
2606 4749 2705 4832 94,
2740 4751 2797 4813 2.
2854 4771 2995 4811 mar
3018 4747 3199 4834 qalhe

276 4853 358 4934 (si
383 4855 626 4940 possit)
655 4851 793 4918 MJ.
823 4853 980 4919 24b.
1047 4875 1136 4915 na
1175 4849 1312 4914 allae
1355 4853 1453 4934 (ut
1493 4873 1623 4916 non
1652 4849 1911 4937 possit),
1962 4873 2045 4914 na
2088 4871 2163 4914 ne
2190 4851 2327 4915 allw
2354 4861 2495 4936 quet
2538 4851 2689 4936 (nec
2718 4849 2971 4936 posset)
3006 4848 3125 4913 188
3140 4871 3192 4912 a.

273 4949 424 5020 Item
474 4977 594 5042 per
645 4955 1185 5022 constructionem
1236 4951 1746 5040 impersonalem:
1819 4973 1915 5016 me
1966 4978 2008 5017 a
2062 4953 2254 5016 mehe
2307 4951 2744 5036 (crediderim)
2806 4949 2941 5016 MJ.
2988 4951 3110 5014 216
3134 4973 3188 5016 a.

276 5053 388 5121 223
402 5056 466 5122 b.
531 5079 630 5120 me
673 5055 870 5122 creme
895 5055 1046 5141 (id.)
1092 5054 1283 5120 183b.
1317 5053 1506 5119 211a.
1561 5077 1656 5118 me
1697 5055 1895 5118 cretlae
1936 5054 2140 5140 riyoal
2184 5075 2249 5118 ez
2262 5055 2445 5138 falke
2474 5052 2827 5136 (crederem
2854 5050 3188 5138 Rigoalum

275 5155 428 5242 falli)
471 5155 637 5224 Buh.
687 5160 828 5241 164,
879 5157 974 5222 12.
1041 5179 1152 5222 eno
1193 5178 1285 5220 me
1325 5157 1508 5220 carhe
1563 5155 1684 5240 (ibi
1740 5155 1893 5220 mihi
1934 5154 2248 5241 placeret)
2312 5155 2450 5236 158,
2487 5157 2583 5220 15.
2656 5178 2697 5218 α
2736 5163 2791 5217 te
2820 5153 3099 5238 prouffe,
3154 5177 3194 5216 a
