3717 5642
574 373 699 439 σοι
741 375 882 438 ‹⁶⁵⁷-
903 375 1024 438 558)
1449 371 1574 440 ΠΙ.
1617 374 1677 439 2.
1751 391 1973 439 mm
2014 391 2195 440 nm.
2238 331 2589 442 asom.

740 561 1084 650 Exempla:
1123 561 1362 647 palmam
1401 560 1610 624 wrach
1642 581 1688 645 3]
1725 560 2001 647 ywydost
2040 561 2113 625 di
2136 582 2273 626 mae
2304 561 2574 646 pen-eduo-
2599 561 2741 647 wyfi
2779 559 2997 645 (unde,
3030 581 3209 642 anus,
3254 559 3391 626 scis
3432 567 3500 624 tu

571 687 678 729 me
723 685 867 730 esse
912 663 985 729 P.
1003 663 1064 749 Ρ)
1123 662 1297 730 Mab.
1347 665 1402 744 1,
1437 663 1580 727 257.
1646 681 1720 725 ae
1754 662 1915 747 ywir
1970 685 2011 726 a
2052 661 2330 748 dywedir
2380 674 2571 728 amat
2607 665 2677 729 ci.
2716 685 2763 750 3]
2785 664 3017 749 ywdoet
3052 662 3345 748 yslipanu
3386 661 3503 726 cle·

573 767 768 850 dyveu
831 766 1024 851 (num
1077 787 1324 845 verum,
1404 763 1571 849 quod
1629 761 1860 827 dicitur
1924 763 2001 829 de
2054 773 2150 846 te,
2216 773 2280 830 te
2335 765 2501 832 scire
2568 787 2797 832 acuere
2860 761 3194 850 gladiosP)
3251 764 3312 844 2,
3356 763 3500 828 229.

577 867 813 929 awdoet
853 867 926 930 di
966 866 1081 950 (an
1125 865 1255 932 scis
1283 864 1428 949 tu?)
1472 865 1531 953 2,
1562 865 1664 930 23.
1696 867 1797 930 47.
1831 867 1931 931 60.
1989 867 2042 930 ti
2066 867 2313 947 αωᾱοετ,
2356 868 2409 930 ti
2433 867 2670 932 awdast
2703 866 2805 951 (tu
2834 865 2997 950 scis)
3026 866 3088 944 3,
3122 865 3261 930 190.
3312 866 3371 945 l,
3403 863 3503 927 19.

572 969 644 1031 ni
683 969 932 1033 amdam
981 990 1025 1052 y
1067 968 1238 1032 henw
1293 967 1443 1049 (nos
1489 966 1724 1034 scimus
1767 989 2000 1034 nomen
2044 968 2201 1050 eius,
2248 968 2553 1055 puellae)¹
2576 970 2635 1050 3,
2670 967 2814 1033 270.
2884 989 2973 1053 ny
3012 967 3219 1030 «odam
3258 965 3335 1030 πα·
3370 964 3503 1028 dim

573 1088 644 1130 oe
682 1067 1146 1156 henryuedodeu
1189 1067 1377 1154 (nihil
1421 1068 1659 1136 scimus
1703 1091 1822 1136 nos
1868 1070 1947 1136 de
1976 1070 2299 1136 miraculis
2342 1071 2501 1152 eius,
2544 1070 2772 1158 castri)
2819 1073 2871 1152 1,
2904 1069 3049 1136 292.
3106 1091 3151 1132 α
3188 1065 3505 1151 ωςᾳᾱᾳιοσᾶ

571 1169 729 1234 σΙιιοιῑ
756 1191 902 1257 pwy
937 1194 982 1257 y
1022 1171 1370 1236 marckawo
1412 1170 1596 1253 (num
1638 1169 1818 1236 scitis
1861 1193 2003 1254 vos,
2048 1171 2193 1258 quis
2224 1195 2419 1260 eques
2432 1174 2493 1261 Ρ)
2528 1177 2583 1256 1,
2612 1174 2755 1238 257.
2812 1192 2897 1257 ay
2934 1169 3151 1252 ndant,
3194 1189 3281 1253 ay
3304 1167 3507 1234 ”dant

577 1289 658 1356 vy
703 1272 1054 1358 (nesciunt,
1098 1297 1161 1338 ιι.
1205 1271 1333 1356 illi)
1377 1269 1514 1336 Tal.
1563 1291 1752 1337 carm.
1779 1273 1882 1339 30.

739 1373 994 1442 Desunt
1032 1375 1102 1439 in
1144 1373 1246 1440 his
1297 1377 1349 1438 1.
1396 1383 1460 1453 et
1503 1375 1562 1438 3.
1607 1396 1775 1460 pers.
1817 1376 2064 1442 numeri
2110 1377 2482 1462 singularis,
2544 1387 2616 1442 ut
2654 1397 2821 1463 quae
2865 1373 3308 1461 significentur
3348 1394 3504 1459 pro·

571 1476 732 1563 priis
774 1476 1014 1560 formis,
1058 1477 1173 1543 illa
1209 1499 1393 1563 ρωποι
1437 1475 1533 1560 (=
1555 1479 1787 1564 ρωίηά,
1833 1478 1913 1544 cf.
1957 1477 2089 1544 hib.
2117 1477 2264 1559 finos
2312 1500 2377 1564 p.
2423 1477 2611 1562 502),
2665 1478 2827 1544 haec
2863 1495 3061 1564 qur.
3150 1473 3499 1560 Exempla:

572 1578 806 1644 modost
848 1579 920 1644 di
945 1601 1096 1666 pwy
1133 1601 1233 1666 φο
1273 1581 1354 1662 ef.
1394 1601 1579 1664 quma
1621 1579 1730 1644 lub
1768 1592 1956 1666 ynteu
2000 1579 2249 1664 (scisne
2288 1589 2378 1662 tu,
2424 1582 2569 1667 quis
2612 1582 2699 1648 sit
2724 1579 2879 1646 ille?
2922 1577 3077 1660 scio,
3120 1575 3333 1664 inquit
3358 1574 3503 1660 ille)

569 1677 745 1744 Mab.
779 1680 840 1762 2,
873 1680 974 1746 23.
1027 1703 1112 1768 ny
1137 1704 1280 1745 wnn
1307 1681 1337 1742 i
1350 1702 1498 1766 pwy
1522 1693 1636 1767 ιψιι
1667 1681 1804 1766 laoy
1833 1681 1946 1746 heb
1974 1683 2056 1764 ef.
2101 1683 2193 1746 mi
2216 1704 2291 1748 ae
2311 1705 2499 1770 qum
2540 1682 2649 1748 heb
2674 1705 2717 1768 3]
2739 1680 3177 1769 qwmhwyuar
3216 1676 3501 1763 (nescio,

571 1783 682 1868 qui
725 1783 857 1848 sint
898 1781 1020 1865 illi,
1085 1782 1294 1868 inquit
1332 1782 1411 1848 is.
1459 1803 1578 1867 ego
1622 1783 1688 1847 id
1733 1784 1899 1866 scio,
1944 1783 2153 1871 inquit
2194 1781 2309 1868 G.)
2356 1785 2413 1866 2,
2448 1783 2548 1850 23.
2618 1787 2713 1849 mi
2752 1806 2966 1865 monn,
3022 1783 3115 1846 mi
3152 1804 3296 1846 moa
3347 1779 3505 1867 (ego

572 1883 741 1969 scio)
805 1888 862 1966 1,
895 1885 1039 1950 285.
1097 1885 1154 1966 2,
1193 1885 1334 1950 204.
1380 1883 1525 1949 229.
1590 1885 1684 1948 mi
1731 1908 1917 1950 awrm
1958 1887 2201 1950 aclaawe
2252 1885 2407 1972 (ego
2450 1886 2589 1954 scio
2634 1885 2921 1970 causam)
2984 1888 3039 1967 1,
3071 1883 3171 1948 22.
3242 1892 3391 1966 onyt
3444 1882 3518 1965 ῳ(

569 2008 744 2073 awyr
775 1987 923 2072 pech
963 2006 1036 2050 or
1076 1986 1244 2073 hyan
1271 1985 1596 2071 aqeismch
1636 1986 1806 2050 olam.
1851 2009 1937 2073 ny
1977 2010 2119 2052 wan
2159 1988 2191 2049 i
2227 1987 2341 2054 neb
2380 2009 2455 2052 ae
2476 2009 2694 2074 ywypo
2737 1986 2826 2071 (si
2855 1985 2966 2052 ille
3006 1983 3215 2052 nescit
3256 1983 3505 2070 aliquid

572 2089 652 2156 de
696 2110 774 2155 eo
819 2087 990 2176 quod
1033 2086 1358 2174 quaeritis,
1401 2087 1625 2153 nescio
1671 2107 1792 2172 ego
1837 2109 2199 2176 quenquam
2242 2091 2352 2178 qui
2398 2090 2563 2157 sciat
2586 2087 2687 2172 id)
2732 2089 2790 2171 2,
2822 2087 2967 2154 234.
3056 2085 3156 2155 Of.
3198 2085 3505 2172 frequens

568 2191 839 2258 formula
880 2188 1264 2256 affirmandi:
1309 2191 1452 2254 ἀνω
1493 2211 1667 2276 awyr
1712 2188 1869 2274 (scit
1907 2189 2114 2277 deus),
2160 2215 2325 2280 quae
2368 2191 2628 2280 saepius
2674 2199 3001 2258 contracta
3039 2188 3273 2274 legitur
3312 2186 3503 2251 dicer.

738 2291 820 2358 In
861 2315 1124 2358 numero
1169 2290 1476 2377 singulari
1522 2311 1665 2356 cum
1704 2289 1788 2355 iis
1829 2290 2048 2360 formis
2094 2294 2396 2362 convenit
2435 2294 2701 2360 verbum
2742 2305 2996 2377 αιωαεη,
3025 2291 3269 2376 (novi):
3314 2283 3503 2377 nyth-

571 2397 834 2460 adwaen
875 2394 1038 2481 (non
1080 2393 1233 2459 novi
1275 2394 1372 2479 te)
1417 2392 1557 2461 GN.
1602 2415 1791 2458 carm.
1823 2393 1926 2460 35.
2002 2407 2113 2482 ayt
2152 2408 2348 2461 atwen
2388 2396 2573 2460 inlesa
2614 2395 2692 2481 ef
2732 2393 2893 2479 (non
2932 2391 3085 2460 novi
3130 2414 3252 2478 ego
3292 2391 3504 2477 illum)

569 2494 742 2563 Mab.
775 2498 837 2579 2,
867 2498 968 2564 23.
1053 2507 1163 2582 nyt
1205 2505 1404 2560 amen
1443 2499 1475 2559 i
1511 2496 1682 2581 dydi.
1725 2495 1925 2580 ryned
1972 2517 2072 2582 μω
2108 2497 2357 2584 qenngfi
2394 2517 2546 2562 nam
2588 2506 2917 2560 amaeam
2968 2493 3129 2580 (non
3169 2493 3327 2560 novi
3382 2515 3502 2581 ego

569 2606 652 2662 te.
711 2596 906 2662 miror
947 2620 1068 2684 ego
1112 2597 1284 2684 quod
1327 2618 1456 2663 non
1499 2597 1671 2662 nosti
1723 2595 1856 2680 me)
1918 2596 1975 2677 2,
2024 2598 2082 2661 7.
2146 2619 2221 2662 ae
2258 2599 2627 2663 hammon
2667 2597 2740 2662 di
2776 2597 2857 2683 ef.
2914 2607 3116 2661 amen
3168 2593 3281 2662 hob
3326 2619 3373 2682 y
3412 2595 3510 2661 kei

570 2698 686 2782 (au
726 2699 966 2767 novisti
1009 2710 1080 2766 tu
1123 2699 1306 2767 eum?
1363 2698 1535 2779 novi,
1580 2698 1790 2784 inquit
1834 2696 1945 2783 C.)
1990 2701 2049 2781 2,
2082 2700 2225 2766 236.
2292 2709 2665 2766 ααιιοαθποα
2718 2699 2790 2763 di
2835 2719 2881 2784 3]
2921 2697 3270 2763 mar-chamo
3321 2719 3503 2763 raeco

568 2821 780 2864 mawr.
825 2825 945 2869 nac
973 2814 1169 2868 acmen
1212 2802 1327 2888 (an
1368 2800 1540 2867 nosti
1583 2809 1652 2865 tu
1684 2799 1962 2886 equitem
2001 2801 2181 2867 illum
2212 2800 2557 2887 magnum?
2598 2798 2943 2885 nonnovi)
2973 2799 3168 2881 2,10.
3226 2796 3497 2868 Genua:

560 2905 635 2968 m·
670 2915 1054 2972 ααιωαωιωη
1096 2901 1451 2990 (novimus)
1495 2902 1555 2984 3,
1587 2903 1668 2967 26
1724 2901 2011 2988 regulari
2054 2901 2430 2968 formatione
2472 2900 2849 2989 praesentis.
2933 2899 3207 2968 Formae
3245 2923 3503 2988 compo-

559 3005 721 3071 sitae
766 3028 907 3072 cum
948 3007 1146 3073 verbo
1193 3004 1594 3072 substantivo
1637 3003 1929 3086 adnabot,
1976 3003 2364 3085 adnabuum,
2408 3004 2699 3088 admei,
2742 3012 2813 3068 ut
2852 3001 3091 3144 radicis
3128 3003 3315 3090 φαμι
3356 3023 3503 3069 cum

560 3107 804 3190 eodem,
850 3129 1046 3195 supra
1085 3109 1202 3174 sub
1245 3131 1310 3174 n.
1341 3105 1466 3172 ΠΙ.
1509 3117 1915 3172 enumeratae
1960 3114 2137 3172 sunt.

733 3208 1102 3276 Praesentis
1131 3207 1495 3276 secundarii
1539 3217 1689 3272 sunt
1729 3207 2063 3293 regulares
2106 3206 2345 3273 formae
2374 3206 2762 3272 cambricae.
2808 3205 2933 3270 kun
2954 3206 3240 3292 ywydwn
3278 3227 3325 3291 3]
3352 3207 3507 3272 dont

565 3312 617 3374 ti
649 3332 759 3397 ,ψη
799 3310 1046 3376 Ιεειὶςεαω
1090 3311 1270 3396 (nam
1315 3309 1614 3388 sciebam,
1659 3318 1728 3374 te
1770 3319 2107 3375 venturum
2149 3329 2250 3373 me
2295 3307 2690 3417 quaesitum)
2731 3306 2907 3374 Mab.
2953 3309 3008 3389 1,
3039 3305 3143 3374 25.
3208 3309 3323 3394 pei
3358 3306 3506 3393 kaf-

546 3411 694 3493 jum
735 3413 966 3498 dysc..
994 3435 1073 3498 ‚y
1111 3413 1394 3498 ywydwn
1436 3411 1524 3496 (si
1570 3411 1903 3492 discerem,
1950 3409 2212 3496 scirem)
2264 3414 2317 3493 1,
2350 3411 2496 3476 247.
2564 3433 2649 3497 ny
2688 3411 2929 3495 wydwn
2968 3410 2998 3473 i
3034 3408 3299 3474 haetkoeu
3336 3409 3506 3494 fford

560 3535 604 3598 3]
647 3513 778 3578 neb.
820 3513 1011 3600 kanye
1048 3513 1304 3599 moydut
1343 3513 1452 3578 heb
1477 3526 1663 3598 ynteu
1707 3513 2130 3597 (nesciebam,
2176 3511 2379 3578 vetari
2422 3512 2593 3578 viam
2636 3511 2857 3594 alicui3
2900 3520 3185 3578 attamen
3224 3511 3503 3594 sciebas,

565 3615 728 3679 dixit
766 3613 907 3698 ille)
954 3615 1013 3696 2,
1045 3615 1145 3680 50.
1197 3635 1362 3699 pony
1401 3615 1614 3699 wydut
1655 3616 1708 3678 a·
1746 3616 1999 3701 (nonne
2047 3615 2301 3682 sciebas
2343 3623 2413 3677 tu
2432 3612 2492 3697 Ρ)
2542 3615 2597 3696 1,
2630 3616 2689 3679 9.
2754 3635 2832 3677 ac
2870 3635 2956 3699 ny
2997 3612 3249 3698 wydffltt
3286 3614 3507 3700 ρον-ἀει

568 3738 676 3781 rac
719 3737 874 3800 ovyn
918 3716 1071 3801 (nec
1101 3715 1396 3782 sciebant
1422 3738 1693 3802 pergere
1737 3719 1846 3783 via
1887 3739 2042 3805 prae
2070 3714 2331 3797 timore)
2361 3716 2419 3796 3,
2451 3715 2595 3780 214.
2654 3737 2739 3800 ny
2767 3715 3065 3800 wyddynt
3104 3716 3315 3800 vnqeir
3341 3735 3505 3801 mwy

565 3818 725 3901 (non
767 3841 964 3883 unum
1008 3817 1268 3884 verbum
1315 3817 1482 3883 ultra
1533 3819 1852 3904 sciebant)
1897 3821 1956 3900 3,
1988 3817 2132 3882 268.
2208 3815 2566 3903 Singularis
2608 3826 2821 3882 tamen
2864 3825 2967 3882 est
3008 3815 3200 3882 etiam
3240 3815 3351 3882 hic
3376 3825 3507 3882 ter-

565 3918 830 3984 minatio
873 3919 1098 3985 tertiae
1129 3939 1446 4006 personae
1491 3919 1560 3983 in
1588 3933 1754 4006 -yatt
1795 3942 1876 4007 yv-
1916 3919 2041 3984 hol!
2080 3918 2344 3982 ieithoed
2382 3943 2427 3981 a
2466 3917 2713 4003 wydyat
2752 3917 3005 4001 (omnes
3034 3917 3291 4002 linguas
3335 3916 3505 3984 scie-

567 4022 705 4107 bat)
735 4020 908 4088 Mab.
940 4022 998 4102 2,
1031 4022 1176 4086 211.
1207 4021 1349 4087 214.
1418 4023 1570 4090 dala
1617 4023 1762 4110 letty
1799 4043 1989 4109 qoreu
2030 4042 2107 4084 ac
2136 4019 2504 4105 emythaf
2534 4019 2829 4104 wydyat
2865 4041 2997 4106 φη]
3036 4018 3190 4101 drqf
3221 4018 3505 4084 ammath

566 4122 993 4209 (comparavit
1035 4122 1394 4190 cubiculum
1437 4124 1753 4211 optimum
1797 4133 1863 4190 et
1902 4122 2181 4189 maxime
2224 4121 2523 4188 decorum
2542 4167 2562 4202 ‚
2608 4121 2779 4206 quod
2822 4120 3069 4188 sciebat
3110 4120 3181 4185 in
3198 4118 3401 4204 ·vico)
3442 4120 3503 4200 2,

563 4225 666 4289 43.
719 4245 928 4310 qouyn
966 4224 1134 4289 idaw
1175 4226 1465 4311 aumdyat
1515 4225 1589 4310 of
1619 4226 1752 4290 dim
1788 4225 2000 4311 ywrth.
2042 4223 2233 4288 tim-ch
2274 4223 2513 4310 Μή.
2564 4244 2609 4309 3]
2650 4223 2917 4307 dywawt
2950 4233 3141 4308 φήσει
3179 4243 3299 4286 ω
3332 4242 3507 4307 qu-

563 4325 716 4411 dyat
769 4324 1106 4412 (quaerere
1137 4348 1241 4391 -ex
1295 4348 1401 4407 ec,
1459 4349 1608 4392 num
1661 4325 1816 4412 quid
1872 4326 2088 4393 sciret‘
2121 4326 2201 4391 de
2254 4323 2327 4390 T.
2384 4334 2491 4406 tr.;
2558 4323 2723 4390 dixit
2770 4323 2911 4406 ille,
2974 4345 3049 4390 se
3100 4321 3385 4406 nescire)
3443 4323 3503 4403 2,

567 4428 709 4492 243.
741 4427 884 4492 244.
971 4425 1136 4493 Item
1181 4438 1482 4492 atwaenat
1525 4427 1886 4513 (noverat)=
1930 4428 2209 4513 aqereint
2248 4437 2599 4492 aamaenat
2632 4426 2751 4513 qai.
2798 4447 2873 4490 ac
2912 4435 3023 4511 ayt
3062 4433 3371 4489 amat
3406 4424 3511 4510 ρει·

565 4527 758 4591 ereint
801 4526 899 4609 (et
939 4525 1021 4594 G.
1065 4537 1252 4592 norat
1295 4525 1390 4610 0.,
1439 4529 1554 4595 sed
1596 4527 1671 4596 O.
1715 4551 1846 4595 nou
1888 4537 2087 4594 norat
2131 4525 2247 4612 G.)
2291 4525 2465 4594 Mab.
2498 4529 2557 4610 2,
2593 4529 2695 4594 53.

730 4626 1000 4695 Formae
1041 4627 1341 4714 passivae
1384 4653 1594 4716 praes.
1643 4652 1806 4697 sec.:
1853 4631 2138 4716 nywydit
2179 4651 2253 4692 eu
2296 4629 2449 4713 layni
2468 4653 2597 4716 yny
2619 4651 2773 4716 quer
2815 4627 3253 4714 (nesciebatur
3283 4649 3505 4694 eorum

566 4729 871 4796 violentia
911 4731 980 4794 in
1023 4729 1264 4815 castro)
1307 4729 1481 4800 Mab.
1518 4735 1572 4813 1,
1615 4732 1715 4796 22.
1785 4732 2025 4795 alcorano
2078 4731 2294 4816 techas
2322 4751 2595 4817 monoyn
2636 4731 2753 4795 ced
2786 4752 2915 4816 yny
2952 4731 3108 4794 lma.
3152 4749 3225 4794 or
3268 4729 3505 4814 awydit

561 4853 682 4918 yno
739 4832 834 4916 (et
876 4831 1036 4897 haec
1087 4830 1512 4916 pulcherrima
1561 4834 1778 4920 puella
1819 4842 1957 4898 erat
2014 4855 2132 4898 suo
2186 4832 2445 4899 saeculo
2458 4883 2475 4914 ‚
2546 4839 2847 4919 quantum
2890 4829 3213 4898 sciebatur
3260 4828 3393 4914 ibi)
3444 4830 3503 4910 3,

569 4934 709 5000 190.
796 4933 1006 5000 Praet.
1051 4933 1262 5020 prim.:
1317 4955 1527 5019 nywys
1565 4956 1652 5018 pa
1695 4935 1783 4998 du
1820 4957 1867 5019 3]
1908 4955 2078 5015 mae,
2139 4932 2429 5020 leanywys
2465 4955 2553 5020 pa
2594 4946 2663 4999 tu
2701 4956 2745 5018 3]
2786 4954 2927 4998 mae
2966 4932 3127 5016 (non
3166 4940 3303 5013 est,
3356 4953 3505 4996 nam

565 5057 698 5099 non
743 5045 841 5102 est
883 5043 1310 5121 compertum,
1363 5055 1491 5120 qua
1533 5035 1648 5120 sit)
1691 5036 1752 5117 2,
1797 5036 1941 5101 225.
1974 5034 2117 5098 226.
2186 5057 2357 5122 awye
2394 5035 2506 5102 heb
2554 5058 2599 5122 y
2638 5033 2863 5100 arthur
2906 5056 2999 5124 pa
3041 5033 3127 5099 du
3176 5055 3223 5120 y
3260 5053 3405 5098 mae
3442 5032 3511 5098 la·

566 5136 781 5226 (estne
823 5145 1236 5228 compertum,
1277 5135 1485 5226 inquit
1525 5137 1631 5220 A„
1677 5157 1804 5226 qua
1845 5137 1931 5203 sit
1971 5135 2157 5226 illa?)
2202 5137 2261 5220 2,
2294 5135 2437 5205 235.
