3717 5642
1274 407 1680 459 ruoourntm
1721 410 2056 463 annolus.
2970 395 3140 462 XLI
3276 389 3297 422 ⁸

251 601 402 663 quam
454 577 668 661 (cuius
727 576 876 644 libri
918 598 1102 644 usum
1142 576 1598 646 humanissime
1651 579 1805 644 mihi
1861 580 2187 648 concessit
2228 580 2733 648 Adalbertus
2775 579 3049 667 Kubn)
3106 603 3143 648 0

251 688 524 754 volumine
565 689 774 775 primo
817 687 993 754 illius
1039 685 1456 772 collectionis,
1501 689 1608 756 cui
1637 689 2033 757 inscribitur:

382 798 656 865 Ancient
696 799 888 865 Laws
935 797 1009 863 of
1043 797 1318 866 Ireland.
1405 797 1762 868 Senchus
1805 799 1928 868 Mo
1951 822 2016 884 r,
2083 801 2427 887 published
2484 801 2687 868 under
2726 801 3035 868 direction
3080 803 3150 870 of

249 909 332 974 the
367 909 874 976 commissionem
927 907 1025 974 for
1079 908 1454 997 publishing
1505 910 1614 976 the
1661 909 1919 976 ancient
1972 912 2129 978 laws
2184 913 2312 978 and
2370 913 2699 980 institutes
2758 912 2829 977 of
2862 911 3138 979 Ireland.

251 1017 360 1084 Vol.
383 1018 430 1085 Ι.
513 1018 761 1086 Dublin
775 1069 791 1100 ,
845 1019 1023 1085 1865.
1083 1055 1160 1066 --
1218 1019 1366 1102 Quo
1410 1019 1573 1087 libro
1615 1021 1961 1106 pretiosius
2014 1023 2127 1090 vix
2170 1031 2417 1090 extaret
2464 1030 2937 1090 monumentum
2979 1024 3140 1089 anti-

249 1128 466 1214 quitatis
507 1128 914 1210 hibernicae,
959 1129 1089 1196 nisi
1133 1130 1383 1215 copiam
1427 1138 1616 1217 atque
1659 1131 2109 1198 abundantiam
2150 1155 2357 1198 rerum
2373 1184 2390 1216 ,
2438 1155 2602 1220 quae
2644 1155 2721 1199 00
2764 1132 3137 1215 continetur,

245 1247 502 1324 aequaret
547 1239 909 1325 corruptela
948 1239 1206 1324 linguae
1251 1261 1328 1305 ac
1372 1239 1759 1326 scriptionis.

379 1347 452 1414 In
490 1348 852 1435 posteriore
894 1349 1146 1415 demum
1189 1349 1402 1435 operis
1446 1359 1626 1436 parte
1672 1351 2071 1420 emendanda
2110 1359 2369 1441 praesto
2410 1353 2601 1420 nobis
2642 1351 2926 1418 fuerunt:

381 1457 724 1526 Glossae
767 1458 1240 1526 hibernicae
1293 1467 1545 1526 veteres
1591 1451 1848 1528 Codicis
1894 1459 2343 1543 Taurinensis,
2404 1461 2606 1527 edidit
2648 1459 3137 1530 Constanti-

241 1593 358 1635 nus
393 1569 656 1654 Nigra.
727 1569 1024 1635 Lutetiae
1055 1569 1468 1666 Parisiorum,
1511 1567 2079 1638 MDGGGLXIX.
2124 1611 2205 1622 --
2247 1569 2330 1636 In
2359 1593 2485 1658 quo
2514 1569 2731 1638 libello
2773 1593 2903 1637 non
2934 1571 3139 1637 solum

244 1679 448 1744 codicis
490 1677 602 1744 Tr.
649 1679 893 1765 aliquot
935 1680 1114 1747 locos
1131 1727 1150 1760 ,
1212 1698 1376 1764 quos
1419 1677 1826 1746 festinantius
1871 1681 2137 1767 legisset
2180 1680 2283 1748 W.
2316 1679 2382 1748 S.
2428 1689 2539 1746 aut
2578 1679 3135 1768 praetermisisset,

243 1799 528 1855 correctos
587 1801 652 1855 et
693 1790 1024 1876 suppletos
1071 1809 1217 1856 esse
1260 1797 1530 1875 apparet
1573 1811 1650 1855 ex
1696 1791 1958 1878 egregia
1996 1791 2354 1858 imitatione
2384 1789 2651 1872 codicis,
2700 1813 2827 1878 qua
2866 1811 2986 1856 nos
3030 1789 3140 1855 ad-

238 1900 377 1965 iuvit
414 1899 678 1965 editoris
737 1897 1180 1966 humanissimi
1223 1898 1606 1982 liberalitas,
1662 1923 1883 1967 verum
1926 1901 2115 1967 etiam
2158 1901 2357 1967 multa
2404 1924 2441 1968 e
2484 1897 2623 1968 cod.
2667 1897 2780 1966 m
2826 1900 2931 1966 vel
2972 1923 3142 1966 nova

239 2011 402 2077 allata
440 2020 593 2078 sunt
634 2011 740 2078 vel
797 2010 1144 2078 emendata.

377 2121 552 2188 Idem
583 2121 684 2187 vir
701 2119 1174 2188 illustrissimus
1202 2119 1520 2204 insignem
1550 2119 1816 2205 gratiam
1845 2120 2093 2203 meruit,
2126 2119 2294 2207 quod
2322 2129 2453 2186 tam
2480 2121 2547 2186 in
2575 2119 2899 2188 lustrando
2927 2120 3139 2210 priore

235 2231 397 2298 huius
440 2233 655 2319 operis
698 2231 1004 2297 fasciculo
1048 2229 1303 2315 (Revue
1349 2227 1662 2317 Celtique,
1704 2254 1810 2298 no.
1849 2231 1915 2316 1)
1972 2253 2163 2318 quam
2203 2232 2273 2297 in
2315 2231 2654 2312 relatione,
2696 2252 2881 2318 quam
2928 2229 3138 2296 eidem

237 2343 605 2428 ephemeridi
647 2343 944 2424 inseruit,
1002 2340 1084 2406 de
1142 2340 1281 2406 cod.
1323 2339 1440 2406 Ml.
1482 2363 1772 2427 magnam
1827 2342 2255 2428 exemplorum
2314 2341 2562 2428 copiam
2618 2341 2853 2424 attulit,
2906 2341 3137 2428 quibus

238 2464 330 2519 aut
367 2453 741 2541 corrigenda
783 2461 891 2518 aut
931 2450 1290 2538 supplenda
1331 2459 1567 2534 essent,
1613 2473 1778 2540 quae
1822 2459 2011 2519 antea
2049 2451 2379 2540 proposita
2422 2461 2627 2534 erant3
2674 2451 2843 2520 unde
2886 2451 2954 2517 in
2997 2449 3136 2518 Ad-

237 2565 440 2631 deudis
481 2564 796 2650 quaedam
840 2562 1271 2649 apposuimus.

376 2674 630 2742 Minore
675 2675 1033 2760 glossarum
1075 2673 1291 2759 copia,
1345 2671 1726 2739 Nanciaci
1781 2671 1966 2758 (Nc.)
2018 2673 2087 2737 in
2130 2671 2373 2740 codicis
2416 2673 2799 2760 cooperculo
2854 2681 3125 2758 reperta,

235 2785 302 2849 ad
353 2792 712 2872 computum
763 2783 1152 2870 pertinente,
1207 2803 1328 2847 nos
1370 2781 1669 2847 iuverunt
1708 2781 1835 2848 duo
1878 2781 2001 2846 viri
2042 2781 2426 2848 doctissimi:
2476 2781 2646 2849 Note
2689 2805 2773 2849 on
2815 2781 2923 2850 the
2967 2782 3137 2849 Irish

231 2893 478 2961 Glosses
522 2893 812 2978 recently
853 2892 1052 2957 found
1078 2892 1149 2957 in
1175 2891 1284 2958 the
1308 2890 1548 2976 library
1591 2892 1664 2958 of
1681 2892 1911 2977 Nancy
1940 2893 2027 2977 by
2052 2891 2225 2958 Hen
2238 2893 2304 2958 ri
2348 2889 2499 2960 Gai
2517 2891 2611 2958 do
2628 2915 2665 2956 z
2709 2891 2893 2976 (read
2921 2893 3134 2961 before

229 3004 318 3069 the
341 3005 545 3092 Royal
587 3002 760 3069 Irish
803 3001 1153 3087 Academy,
1185 3000 1354 3068 June
1383 3003 1478 3083 10,
1509 3001 1700 3087 1867)
1733 3040 1804 3048 -
1844 3008 1910 3068 et
1936 3002 2229 3068 inventor
2256 3003 2432 3089 ipse:
2480 2999 2715 3069 Gloses
2745 3002 3135 3070 Irlandaises

231 3114 300 3178 du
338 3116 672 3182 neuvieme
718 3113 934 3194 siecle,
979 3111 1065 3178 Η.
1112 3110 1488 3179 d'Arbois
1534 3111 1630 3178 de
1671 3110 1716 3178 J
1729 3112 2185 3179 ubainville
2228 3111 2481 3198 (Revue
2524 3110 3093 3200 Archeologique).

375 3224 629 3308 Quibus
672 3225 830 3291 viris
872 3229 1202 3310 praeterea
1243 3221 1582 3287 maximam
1625 3222 1891 3308 gratiam
1922 3222 2248 3305 habemus,
2296 3223 2467 3310 quod
2492 3223 2826 3288 nobiscum
2856 3244 3135 3290 commu-

225 3335 578 3401 nicaverunt
621 3335 864 3421 aliquot
905 3331 1578 3399 commentatiunculas
1619 3332 1724 3399 vel
1766 3354 2074 3401 censuras
2118 3333 2421 3400 librorum
2463 3332 2737 3398 insertas
2782 3331 3133 3418 ephemeri-

225 3442 384 3512 dibus
432 3443 772 3533 gallicanis
832 3441 1084 3525 (Revue
1133 3441 1432 3528 critique,
1497 3439 1718 3508 Revue
1781 3442 2304 3531 archeologique)
2323 3495 2339 3525 ‚
2408 3442 2639 3528 quibus
2692 3442 3131 3526 ostenderunt,

224 3553 356 3636 quid
407 3555 584 3622 illius
640 3552 850 3641 gentis
905 3551 1196 3617 homines
1242 3552 1590 3640 profecturi
1632 3550 1894 3633 fuerint,
1955 3553 2011 3618 si
2066 3552 2323 3618 tandem
2378 3550 2719 3638 aliquando
2778 3551 3128 3618 litterarum

223 3664 426 3732 studiis
454 3664 818 3732 Germanos
862 3660 1164 3728 aemulari
1205 3659 1468 3728 mallent
1509 3683 1698 3749 quam
1740 3660 1925 3729 malis
1970 3661 2211 3730 artibus
2252 3661 2626 3749 impugnare
2670 3670 2737 3728 et
2776 3683 3117 3748 aspergere

235 3773 410 3856 sanie,
455 3773 687 3841 imbuti
727 3771 976 3857 invidia
1013 3769 1260 3836 insana.

371 3882 594 3952 Serius
655 3905 846 3970 quam
910 3903 1073 3969 quae
1126 3881 1196 3946 in
1249 3880 1464 3968 operis
1515 3880 1724 3967 ipsius
1777 3879 2053 3948 fructum
2106 3891 2482 3948 convertere
2536 3902 2797 3968 possem
2816 3931 2832 3962 ,
2891 3891 3121 3949 nactus

226 4011 341 4056 sum
381 4004 514 4058 tum
559 4015 726 4078 quae
771 4014 808 4058 e
837 3991 1058 4058 codice
1089 3975 1484 4056 Vaticano
1531 3991 1694 4057 5755
1742 3989 2126 4076 (secundum
2170 3991 2636 4058 enarrationem
2676 3989 3127 4057 Reifferschei-

229 4099 317 4180 dii,
359 4100 798 4168 Bibliothecae
839 4109 1088 4187 patrum
1127 4099 1501 4166 Latinorum
1545 4099 1812 4166 Italicae
1856 4099 2038 4167 Tom.
2070 4101 2129 4183 6,
2174 4123 2237 4186 p.
2264 4099 2421 4185 460)
2464 4099 2956 4167 familiarissime
3000 4125 3129 4168 me-

229 4229 354 4276 cum
406 4210 908 4279 communicavit
959 4233 1139 4277 meus
1190 4210 1590 4277 Martinus
1643 4209 1923 4293 Hertz,
1982 4209 2081 4276 vir
2135 4208 2559 4276 amicissimus
2612 4210 2739 4275 iam
2799 4233 2839 4275 a
2892 4211 3130 4297 pueris,

231 4320 516 4406 reliquias
563 4320 842 4408 computi
897 4342 1039 4386 cum
1095 4321 1342 4387 duabus
1396 4317 1632 4406 glossis
1683 4317 2032 4386 hibernicis
2060 4310 2225 4404 '(f01.
2258 4319 2316 4385 2.
2351 4317 2449 4404 3):
2516 4311 2703 4386 ‘nihil
2756 4320 3133 4388 remanserit

1837 4429 1979 4494 aoht
2019 4427 2209 4492 coblia
2234 4429 2389 4514 fuir
2432 4429 2653 4494 bissext
2954 4429 3110 4494 heim

225 4513 530 4583 bissextus
597 4525 712 4582 est.
821 4529 846 4580 1
895 4537 1092 4580 unum
1156 4521 1268 4580 aut
1320 4513 1444 4580 duo
1512 4513 1616 4580 1101
1667 4523 1800 4580 tres
1874 4521 2203 4579 remanent
2310 4513 2581 4581 bissexti
2662 4535 2787 4580 ncm
2828 4526 2914 4580 est
2940 4527 2999 4580 et
3046 4537 3129 4603 ne

225 4626 474 4692 mlada
526 4627 740 4692 leasom
783 4627 993 4691 anmi
2466 4661 2475 4670 .

290 4711 398 4776 tibi
631 4710 900 4778 forsitan
1027 4709 1248 4796 aliqua
1295 4745 1366 4757 —
1410 4709 1649 4798 pariter
1691 4709 1772 4776 ad
1817 4713 2017 4777 suma.
2102 4707 2157 4774 F
2159 4708 2371 4774 iniunt
2414 4717 2787 4795 argumenta
2838 4709 3128 4795 pascaliu

225 4811 491 4886 tituloru?
541 4858 624 4869 -
671 4843 708 4888 e
739 4819 968 4906 quibus
1011 4829 1274 4908 propter
1301 4819 1752 4887 obscuritatem
1797 4829 1864 4886 et
1891 4819 2359 4906 corruptionem
2402 4819 2714 4887 sermonis
2742 4817 2925 4884 latini
2967 4818 3128 4884 nihil

227 4931 359 4995 certi
400 4953 624 4998 eruere
665 4930 876 5017 potui,
930 4930 1060 4997 nisi
1103 4930 1274 5016 quod
1326 4931 1396 4996 in
1438 4929 1660 5017 glossa
1713 4931 2072 5017 posteriore
2127 4929 2575 5015 corrigendum
2627 4950 2861 4996 censeo
2915 4930 3127 4994 anisiu

229 5036 669 5120 (adiumentum
712 5039 1008 5127 generale
1053 5041 1404 5108 secundum
1445 5041 1658 5128 ipsum
1696 5041 1877 5124 hoc);

363 5211 495 5269 tum
541 5224 710 5290 quae
755 5201 1214 5289 benignissime
1254 5201 1413 5269 mihi
1455 5201 1719 5269 tradidit
1761 5202 1812 5269 Ι.
1860 5200 2364 5290 Savelsberg.
2451 5201 2523 5268 Is
2568 5201 2735 5269 enim
2775 5207 3119 5289 postquam
3155 5289 3161 5294 ι
