3717 5642
865 366 977 433 VI.
1023 369 1080 432 2.
1157 384 1625 433 cousmuono
1668 385 1961 433 pomum
2006 386 2438 433 mmmmm.
2761 372 2901 435 (96³)
2992 370 3112 433 97‘1

356 550 655 637 Denique
696 553 765 618 in
809 554 1100 619 versibus
1145 554 1551 635 amplissimis
1595 554 2022 620 duodenarum
2067 554 2452 639 syllabarum
2493 556 2750 643 saepius
2794 558 2860 620 in
2907 557 3117 641 priore

196 652 591 718 hemistichio
636 653 836 719 altera
878 654 1125 719 accedit
1169 655 1587 721 consonantia
1628 654 1910 721 lateralis
1953 656 2058 721 vel
2098 656 2350 722 interna
2392 672 2488 721 ut:

506 770 651 829 Buh.
696 773 747 831 2.
811 773 919 829 Ael
956 780 1073 831 mat
1111 793 1251 849 quae
1292 793 1357 831 en
1397 781 1507 831 stat
1544 792 1674 831 man
1704 794 1715 806 ·
1742 774 2010 833 abreman
2047 794 2187 833 voar
2225 795 2298 833 an
2340 778 2434 835 bet

803 868 931 924 bede
970 868 1265 945 Patricius
1293 887 1305 900 ·
1318 868 1525 940 joaeus
1561 887 1671 942 yra
1709 886 1863 925 oscus
1901 875 2000 926 net

800 972 943 1018 mont
980 981 1118 1019 voar
1156 962 1283 1021 tech
1323 984 1398 1019 an
1442 962 1570 1020 lech
1609 964 1744 1020 honi:
1772 982 1783 995 ·
1816 966 1999 1039 dezaff
2027 982 2134 1037 qra
2169 972 2346 1039 prout
2385 971 2576 1023 contet

800 1066 1017 1131 ςυστ-κεί
1054 1068 1241 1115 corten
1282 1060 1423 1116 dren
1466 1058 1565 1115 bro
1597 1076 1611 1091 ·
1639 1076 1741 1115 eno
1780 1076 1848 1114 ne
1889 1058 2074 1115 chomo
2116 1066 2267 1134 quet.

499 1227 557 1285 p.
608 1210 740 1267 146:
798 1211 893 1285 Ny
932 1231 971 1267 a
1010 1212 1183 1269 cretlw
1217 1215 1424 1287 parset
1452 1233 1465 1246 ·
1494 1215 1725 1271 decedet
1762 1212 1937 1290 ezedy

802 1304 1025 1361 bre-man
1066 1324 1138 1363 an
1182 1308 1371 1365 lesnes
1399 1326 1412 1339 ·
1442 1308 1571 1365 leun
1608 1325 1739 1383 apes
1777 1326 1815 1363 a
1854 1316 2113 1384 courtesy

804 1399 865 1455 ke
905 1399 1085 1474 lienas
1115 1401 1249 1477 dezy
1278 1418 1292 1432 ·
1322 1420 1359 1458 a
1396 1420 1461 1458 ve
1499 1402 1795 1475 expediant
2685 1458 2688 1463 .

804 1493 1061 1569 hastomp
1099 1514 1177 1551 na
1214 1497 1480 1571 tardomp
1520 1502 1657 1570 quet
1685 1512 1697 1525 ·
1728 1495 1865 1552 duct
1904 1514 1966 1552 eo
1998 1504 2140 1571 pret
2177 1496 2281 1572 hep
2322 1504 2460 1571 quet
2495 1514 2628 1553 nam
2781 1500 2792 1513 “

804 1588 1043 1646 vaillant
1078 1596 1217 1663 qaut
1257 1596 1525 1647 carantez
1554 1608 1566 1620 ·
1596 1590 1763 1646 enbez
1804 1608 1843 1645 a
1882 1608 2055 1648 neuez
2082 1594 2228 1665 flam

808 1699 1025 1757 ancerin
1065 1700 1139 1757 ha
1177 1700 1371 1757 dinam
1399 1717 1414 1730 ·
1440 1719 1665 1776 qreomp
1704 1720 1780 1757 an
1820 1709 2212 1760 enter-ramam.

370 1842 665 1909 Formam
708 1845 922 1929 poesis
968 1843 1233 1909 celticae
1280 1842 1585 1932 exemplis
1632 1845 1841 1909 allatis
1895 1856 2022 1909 tam
2066 1849 2524 1913 vetustioribus
2582 1870 2766 1934 quam
2810 1848 3124 1912 recentio-

196 1949 377 2013 ribus
422 1947 529 2011 vel
568 1945 890 2010 hodiernis
932 1947 1133 2031 magis
1179 1956 1459 2009 ornatam
1506 1968 1651 2011 esse
1696 1960 1962 2031 apparet
2004 1970 2188 2033 quam
2233 1949 2421 2013 ullius
2453 1947 2660 2033 gentis
2689 1949 2948 2014 formam
2979 1958 3130 2035 poe-

198 2050 431 2129 ticam,
495 2070 571 2113 ac
640 2048 843 2132 magis
905 2058 1189 2112 ornatam
1232 2048 1301 2110 in
1348 2046 1801 2114 vetustioribus
1846 2050 2230 2116 carminibus
2273 2050 2434 2134 ipsis
2480 2072 2666 2135 quam
2709 2050 2774 2113 in
2817 2051 3130 2114 recentio-

196 2152 399 2215 ribus.
490 2148 636 2229 Quo
683 2149 917 2213 maiore
961 2158 1188 2213 ornatu
1230 2148 1399 2213 haud
1445 2150 1636 2213 dubie
1684 2148 1973 2215 effectum
2025 2162 2154 2231 est,
2203 2161 2273 2216 ut
2311 2152 2436 2215 iam
2480 2151 2630 2215 inde
2675 2154 2754 2216 ab
2799 2150 2928 2216 illis
2975 2162 3128 2215 tem—

200 2254 488 2337 poribus,
535 2250 767 2337 quibus
810 2250 891 2313 ad
938 2250 1259 2314 interitum
1302 2250 1525 2315 ruebat
1554 2250 1902 2314 Romanum
1949 2252 2297 2337 imperium,
2343 2252 2574 2317 celtica
2598 2252 2815 2331 forma,
2860 2252 3130 2337 primum

202 2355 474 2439 integra,
521 2351 749 2417 deinde
795 2374 873 2415 ex
916 2362 1113 2437 parte,
1159 2374 1287 2415 non
1333 2352 1532 2415 solum
1581 2352 1644 2415 in
1687 2349 1914 2433 latina,
1965 2353 2078 2417 sed
2123 2355 2315 2418 etiam
2358 2354 2424 2416 in
2469 2354 2730 2417 aliarum
2775 2353 3130 2437 linguarum

204 2455 491 2518 carmina
532 2464 1045 2533 transumeretur,
1092 2462 1281 2538 atque
1322 2451 1389 2515 in
1435 2452 1529 2518 eis
1572 2454 2013 2539 permanserit.

316 5236 521 5297 Zssuss.
558 5249 760 5286 euna.
799 5250 949 5285 cum.
1022 5230 1126 5284 En.
1162 5230 1229 5282 11.
2659 5232 2728 5283 32
