3717 5642
909 377 1022 444 IV.
1067 378 1126 444 3.
1191 395 1738 444 comuucnomts
1779 394 2255 443 snrmnmcae.
2554 377 2695 440 (662.
2720 377 2845 440 694)
2911 375 3033 438 731

165 569 328 626 tutem
371 584 546 628 suam
589 561 674 626 ad
713 562 1150 630 defendendos
1193 565 1356 631 fines
1403 587 1552 631 snos
1596 563 1802 650 ipsius
1846 585 2037 650 quam
2082 563 2163 629 ad
2202 572 2636 628 torneamenta
2676 559 3039 640 infecunda,

165 664 412 748 quamvis
453 663 730 751 accipiat
771 665 1033 750 gloriam
1077 666 1146 730 in
1191 666 1319 751 eis)
1365 669 1422 747 2,
1458 667 1557 732 29.
1647 663 1927 752 Sci-iptio
1970 665 2087 729 lced
2128 665 2197 729 in
2239 665 2427 749 Leg.:
2506 665 2621 728 kecl
2666 663 2843 728 ‹leker
2888 674 3046 746 troya

167 787 328 850 arney
367 766 684 852 (quamvis
725 766 1032 832 inferatur
1075 769 1176 834 vis
1221 767 1332 852 ei),
1377 767 1496 832 laed
1537 791 1605 834 as
1644 781 1832 854 quato
1876 769 1951 852 es
1985 767 2307 852 (quamvis
2352 766 2417 831 id
2464 764 2826 852 negaverit)
2875 765 2931 842 2,
2986 765 3041 842 1,

162 867 242 931 80.
279 871 330 948 4,
374 870 438 948 93
492 867 643 954 leyd,
698 869 807 932 leid
857 868 924 933 in
969 869 1130 936 libro
1173 869 1356 955 nigro
1401 867 1682 936 Caerm.:
1751 870 1874 954 lcyd
1914 870 2221 934 kar-lewine
2262 889 2497 932 mov-va.
2550 867 2676 952 kyd
2730 865 3041 930 carhuiwe

163 991 340 1033 mot-ua
382 970 705 1055 (quamvis
751 993 954 1035 amem
999 993 1116 1058 ego
1148 971 1350 1056 litus),
1395 971 1503 1036 leid
1545 973 1796 1058 1ςἰἱζεείηυ
1837 971 2125 1036 keudaud
2167 971 2576 1056 (quamquam
2606 967 2830 1055 implet
2870 966 3043 1033 cavi-

163 1078 344 1152 tatem,
393 1070 591 1158 aqua)
635 1094 822 1138 carm.
857 1073 958 1138 34.

298 1170 454 1240 Cum
497 1173 838 1260 negatione
879 1173 1070 1260 kany,
1113 1174 1292 1260 keny:
1347 1175 1564 1260 atkydi
1603 1173 1894 1260 amqwely
1935 1179 1964 1240 i
2001 1175 2165 1260 kany
2202 1173 2453 1258 welwgffi'
2494 1173 2649 1258 dydi
2688 1173 2785 1254 (et
2827 1183 2899 1235 tu
2942 1169 3043 1234 vi·

162 1273 312 1338 debis
353 1297 472 1356 me,
521 1276 816 1360 quamvis
861 1299 982 1362 ego
1025 1299 1154 1342 non
1198 1275 1448 1342 videam
1491 1276 1587 1362 te)
1638 1277 1812 1343 Mab.
1868 1281 1923 1358 1,
1971 1279 2065 1342 14.
2131 1277 2283 1360 leeny
2327 1275 2533 1341 deleho
2572 1275 2695 1362 kyd
2736 1285 2924 1358 uuyta
2970 1295 3045 1336 ac

157 1376 220 1455 qs.
269 1375 336 1458 qs
367 1375 543 1439 adele
595 1377 722 1461 kyd
763 1391 886 1442 evet
941 1377 1260 1464 (quamvis
1315 1401 1446 1444 non
1491 1379 1720 1444 debeat
1771 1401 1901 1444 una
1942 1379 2135 1444 edere
2180 1400 2319 1444 cum
2366 1401 2471 1462 ee,
2530 1377 2719 1444 debet
2774 1399 2903 1440 una
2947 1374 3042 1440 bi-

159 1475 308 1558 bere)
349 1475 507 1562 Leg.
558 1481 610 1559 l,
659 1481 716 1560 9,
767 1481 860 1543 18.
961 1477 1090 1547 Sed
1133 1480 1320 1546 etiam
1362 1479 1555 1566 lcyny:
1611 1482 1724 1545 oed
1763 1480 2011 1566 diyawn
2052 1483 2257 1546 odrwc
2290 1527 2303 1544 .
2332 1529 2346 1544 .
2373 1529 2387 1543 .
2413 1482 2605 1567 ynni.
2640 1528 2653 1543 .
2689 1527 2703 1542 .
2734 1478 2893 1562 leyny
2938 1477 3041 1540 de-

163 1576 312 1640 lea-ch
354 1579 652 1642 chwitheu
707 1577 896 1661 (satis
943 1591 1078 1645 erat
1116 1582 1393 1654 mali.
1429 1583 1620 1648 nobis
1645 1631 1660 1646 .
1691 1633 1704 1646 .
1727 1634 1742 1664 ‚
1803 1583 2051 1648 etiamsi
2096 1604 2225 1647 non
2270 1579 2618 1646 venissetis
2665 1577 2811 1661 vos)
2865 1577 3039 1641 Mab.

157 1678 205 1754 2,
237 1679 364 1742 242².
461 1677 612 1760 Qua
653 1679 856 1745 forma
910 1681 1068 1748 alias
1113 1683 1508 1768 significatur
1559 1695 1628 1748 ut
1667 1705 1820 1750 non:
1892 1696 1999 1770 πμ
2050 1685 2134 1767 af
2177 1705 2215 1766 y
2268 1683 2493 1768 wrtkyt
2545 1682 2703 1766 ἐφη]
2764 1677 3053 1761 wuelwyf

155 1777 286 1859 (non
328 1780 433 1844 ibo
479 1803 520 1844 a
562 1791 626 1844 te
672 1781 824 1865 quin
864 1783 1124 1871 faciam)
1173 1789 1225 1866 1,
1258 1786 1398 1850 253.

295 1879 676 1948 Cornicae
717 1887 956 1950 formae
998 1885 1138 1972 hyn,
1181 1885 1320 1952 ken:
1363 1909 1520 1972 qam
1561 1912 1644 1952 an
1673 1888 1802 1952 ioul
1839 1888 1961 1972 kyn
1993 1887 2074 1973 sy
2118 1898 2375 1974 temptys
2419 1886 2492 1970 (a
2520 1883 2779 1949 diabolo
2825 1903 3042 1966 quam-

151 1981 236 2046 vis
272 1983 648 2069 temptetis),
686 2005 877 2068 qamo
919 1985 1131 2070 kynt'es
1174 1989 1376 2072 tewlye
1418 2000 1474 2052 te
1515 2013 1556 2050 a
1581 1989 1675 2072 3111
1715 1989 1872 2052 secel
1912 2001 2045 2053 arte
2089 1989 2235 2074 (per
2264 2011 2405 2052 eum
2448 1986 2745 2072 quamvis
2792 1983 2882 2048 sis
2932 1981 3045 2048 de-

151 2097 372 2168 eeptus,
417 2095 608 2169 potes
655 2107 918 2170 surgere
965 2087 1202 2172 denuo)
1255 2089 1328 2154 P.
1372 2091 1472 2172 ⁶22,
1524 2093 1577 2154 1.
1621 2091 1680 2154 4.
1751 2087 1899 2156 ΙΙιῖιε
1944 2115 1983 2154 a
2028 2113 2093 2154 ve
2136 2088 2561 2154 bombo-cubis.
2592 2138 2604 2151 .
2632 2139 2646 2152 .
2678 2088 2799 2172 leym
2840 2101 2917 2169 30
2962 2086 3046 2148 du

149 2183 220 2266 (I.
259 2193 348 2249 est
387 2185 652 2267 ductus,
699 2188 988 2272 quamvis
1035 2199 1208 2256 esset
1251 2191 1438 2272 deus)
1492 2193 1624 2272 163,
1659 2195 1717 2258 4.
1789 2193 1909 2276 kyn
1953 2191 2167 2278 nayoff
2204 2192 2321 2254 den
2358 2189 2612 2273 eleetaeyll
2636 2239 2649 2252 .
2677 2239 2691 2252 .
2723 2239 2735 2252 .
2772 2186 3053 2270 lauat-aff

147 2301 238 2368 33⁸
282 2287 686 2374 (quamquam
739 2310 870 2360 non
915 2313 1056 2354 sum
1115 2293 1210 2356 vir
1253 2294 1543 2380 sapiens,
1601 2294 1806 2360 dicam
1849 2293 1999 2379 tibi)
2054 2293 2113 2374 8,
2166 2297 2219 2357 1.
2284 2291 2403 2377 kyn
2445 2291 2684 2372 fallmw
2736 2289 2797 2351 ol
2852 2311 2948 2351 me
3008 2311 3049 2350 a

149 2389 288 2450 reth.
314 2440 327 2451 .
353 2437 368 2450 .
409 2390 520 2474 yth
565 2411 777 2476 semeys
827 2390 982 2474 (etsi
1027 2416 1248 2460 omnes
1293 2395 1556 2476 cadant,
1615 2419 1734 2482 ego
1779 2418 1887 2461 ero
1931 2397 1995 2460 in
2044 2394 2306 2461 servitio
2349 2390 2491 2474 tuo)
2534 2393 2637 2470 49,
2694 2393 2743 2453 1.
2814 2389 2933 2474 hyn
2974 2387 3047 2472 se

147 2501 314 2573 tert-ys
355 2491 510 2573 (etsi
538 2489 950 2577 frangeretur,
995 2493 1325 2579 templum)
1355 2495 1435 2560 D.
1470 2499 1610 2562 354.
1669 2497 1778 2560 ken
1821 2498 2025 2582 nayof
2055 2519 2229 2580 θυμω
2270 2493 2425 2578 (etsi
2454 2515 2581 2556 non
2616 2513 2755 2556 sum
2786 2491 3049 2576 dignus)
3081 2551 3107 2562 ,

145 2589 214 2652 D.
239 2595 372 2656 481.
427 2593 538 2656 ken
583 2593 724 2676 teffo
763 2617 906 2681 yqea
943 2595 1120 2681 yololc
1161 2597 1314 2680 (etsi
1358 2599 1576 2664 veniat
1617 2599 1684 2664 in
1729 2609 2147 2684 conspectum
2192 2595 2505 2678 vestrum)
2548 2593 2623 2658 R.
2663 2593 2841 2658 1861.
2900 2591 3051 2673 kyn-

145 2693 252 2754 setk
291 2696 370 2755 mi
415 2695 611 2778 dreyn
653 2717 738 2778 yn
777 2719 822 2780 y
853 2719 980 2781 pen
1025 2695 1434 2785 (quamquam
1481 2711 1893 2788 penetrarunt
1937 2701 2161 2787 spinae
2206 2700 2274 2763 in
2304 2707 2495 2784 caput
2539 2694 2711 2778 eius)
2753 2693 2831 2757 R.
2874 2695 3047 2756 1013.

143 2790 435 2858 Interdum
479 2795 696 2862 addito
739 2817 909 2861 mar:
983 2799 1104 2882 hyn
1132 2801 1210 2882 fe
1260 2825 1304 2886 y
1347 2802 1540 2866 cleuee
1579 2825 1721 2866 mm·
1765 2803 1909 2866 bras
1964 2801 2289 2888 (quamvis
2342 2820 2611 2882 magnus
2670 2805 2845 2860 esset
2904 2794 3043 2858 eius

142 2897 426 2980 morbus),
473 2898 600 2982 hyn
629 2899 711 2976 fe
751 2918 893 2962 mar
934 2901 1074 2983 cres
1109 2903 1434 2987 (quamvis
1477 2903 1660 2970 fortis
1705 2905 1820 2988 sit)
1868 2905 1941 2969 R.
1984 2908 2163 2970 1660.
2202 2904 2380 2967 1787.

285 2999 764 3064 Aremorica
807 3001 1098 3086 exempla
1151 3025 1280 3067 non
1323 3005 1732 3070 inveniuntur
1784 3007 1911 3072 nisi
1954 3008 2115 3072 forte
2158 3027 2301 3072 cum
2344 3003 2689 3087 negatione
2732 3020 2891 3082 quen
2936 3021 3041 3076 ’Μ’

144 3097 410 3164 diversae
454 3101 976 3184 significationis:
1052 3103 1432 3190 bizhuyqueu
1487 3129 1562 3170 ne
1606 3109 1866 3185 lovenaf
1912 3109 2023 3172 dre
2074 3129 2193 3192 nep
2244 3107 2549 3170 eroeadur
2572 3155 2585 3166 .
2613 3153 2627 3166 .
2656 3149 2670 3164 .
2712 3121 2873 3184 quen
2924 3119 3043 3160 nen

137 3202 339 3284 qufilaf
393 3202 748 3290 (nunquam
803 3205 1084 3271 delector
1139 3207 1272 3274 ulla
1325 3220 1646 3289 creatura,
1713 3209 1841 3274 nisi
1896 3231 2041 3274 eum
2094 3208 2315 3291 video)
2374 3206 2508 3272 MJ.
2560 3206 2673 3270 187
2692 3207 2751 3270 b.
2831 3227 2915 3267 na
2966 3223 3041 3264 ne

141 3315 330 3366 ants-eo
379 3327 544 3388 penu
597 3307 752 3392 enhy
789 3355 802 3369 .
831 3357 848 3371 .
879 3357 894 3371 .
938 3331 1096 3392 quen
1141 3334 1224 3372 na
1263 3309 1564 3388 sattbfilaer
1617 3313 1726 3374 dre
1769 3333 1874 3375 ma
1914 3333 2093 3374 maro
2127 3333 2286 3396 yar-v
2338 3311 2423 3372 da
2468 3309 2577 3370 doe
2618 3329 2703 3370 aa
2747 3317 2837 3368 tat
2890 3304 3043 3387 (nec

141 3405 456 3491 quisquam
501 3407 784 3489 intrabit,
827 3410 957 3474 nisi
1001 3410 1120 3474 deo
1152 3411 1315 3496 patri
1361 3411 1756 3477 satisfactum
1800 3413 1922 3478 erit
1962 3423 2165 3478 morte
2194 3433 2335 3476 mea
2363 3407 2635 3491 crudeli)
2680 3409 2759 3472 36
2772 3430 2829 3470 a.
2886 3427 3045 3489 quen

143 3529 268 3568 nou:
315 3507 386 3570 be
411 3510 656 3573 maroch
699 3509 978 3576 brassac-12
1005 3511 1114 3595 fe:
1161 3512 1316 3596 (nisi
1361 3513 1680 3580 habebitis
1723 3513 1891 3578 inter
1933 3537 2049 3579 vos
2094 3513 2391 3578 maiorem
2421 3510 2642 3594 fidem)
2672 3511 2753 3574 6⁴2
2770 3509 2829 3574 b.
2886 3529 3045 3591 quen

143 3631 230 3671 nea
283 3608 503 3695 quylg't'
549 3633 624 3673 ne
661 3609 808 3696 yrtf
839 3625 942 3676 net
995 3614 1230 3697 (donec
1287 3637 1428 3680 eum
1487 3614 1768 3696 videam,
1829 3637 1959 3679 non
2012 3614 2275 3694 faciam,
2331 3634 2463 3676 non
2506 3610 2791 3695 credam)
2848 3611 3041 3674 2002».

141 3733 224 3774 eno
267 3714 685 3797 yueneompni
735 3735 799 3774 ez
843 3715 1001 3778 vibet
1041 3737 1198 3799 quen
1255 3741 1340 3781 na
1383 3717 1604 3782 clevket
1657 3716 1776 3801 (ibi
1820 3717 2152 3781 nobiscum
2213 3714 2420 3795 eritis,
2480 3714 2684 3781 donec
2735 3711 3041 3795 audietis)

148 3814 302 3877 1622.
387 3813 508 3874 hac
559 3813 632 3895 qs
675 3837 718 3877 a
771 3835 988 3879 manas
1043 3840 1116 3882 en
1171 3818 1268 3881 bez
1307 3868 1320 3883 .
1347 3869 1361 3882 .
1390 3867 1404 3882 .
1447 3839 1608 3902 quen
1657 3841 1744 3882 na
1786 3817 2153 3881 ductore-kas
2206 3816 2301 3900 (et
2344 3816 2483 3902 ipse
2540 3819 2775 3884 mansit
2826 3817 2893 3882 in
2940 3837 3041 3882 se-

143 3917 352 3997 pulcro,
403 3912 610 3978 donec
650 3918 1026 4002 resurrexit)
1076 3920 1264 3984 156b.

277 4017 531 4082 Contra
581 4018 924 4083 aremorice
980 4019 1152 4085 illius
1207 4021 1555 4105 particulae
1611 4022 1752 4087 loco
1805 4023 2212 4088 substituitur
2265 4031 2375 4085 aut
2429 4020 2702 4106 simplex
2743 4043 2873 4104 pan
2929 4029 3041 4083 aut

145 4119 420 4185 formulae
465 4119 856 4204 compositae
899 4145 1120 4185 nao—
1144 4145 1284 4186 mar
1325 4125 1553 4209 (supra
1593 4148 1654 4210 p.
1698 4125 1887 4207 724),
1939 4133 2291 4208 pequement
2328 4145 2567 4206 pennae
2609 4113 3039 4206 (quamlibet,

145 4213 464 4302 quamvis')
513 4219 728 4301 cath„
789 4222 892 4285 vel
935 4233 1391 4309 transumptum
1437 4247 1558 4288 non
1601 4225 1863 4288 obstant:
1920 4247 2041 4287 non
2084 4223 2319 4288 obstant
2372 4246 2447 4286 ne
2499 4223 2663 4306 dous
2692 4232 2836 4305 quet
2876 4222 3045 4283 hetae

149 4327 534 4411 (quamquam
579 4345 710 4388 non
751 4346 894 4388 sum
937 4324 1176 4407 audax)
1217 4325 1352 4390 MJ.
1394 4329 1578 4390 158a.
1641 4349 1762 4390 noa
1803 4326 2043 4388 obstant
2085 4325 2285 4388 diblas
2324 4347 2419 4387 em
2462 4337 2667 4388 casont
2720 4321 3045 4408 (quamvis

148 4429 338 4492 acerbe
387 4445 490 4489 me
537 4425 820 4508 oderint)
873 4427 990 4491 139
1002 4427 1061 4491 b.

267 4555 334 4615 9.
385 4525 710 4592 HAGEN
742 4526 1072 4610 (attamen,
1105 4529 1349 4614 tamen)
1393 4530 1816 4594 cambrice:
1861 4540 1971 4611 πμ
2000 4529 2113 4590 oed
2136 4549 2216 4612 φ·
2250 4551 2323 4589 om
2348 4527 2683 4610 partiamur.
2738 4521 3047 4608 Glewlwyt

145 4632 474 4710 ,nannetem-
531 4630 645 4692 oed
681 4651 804 4712 yno
848 4630 1042 4714 haqeu
1085 4653 1163 4693 ar
1205 4633 1406 4696 ureint
1439 4631 1760 4716 por-tham·
1803 4629 1963 4712 (non
2010 4637 2144 4692 erat
2186 4627 2519 4712 quisquam
2564 4628 2912 4713 portarius,
2976 4626 3043 4690 in

149 4734 249 4798 aula
297 4735 428 4812 A.;
491 4743 774 4795 attamen
829 4728 912 4796 G.
973 4743 1108 4796 erat
1160 4732 1248 4798 ibi
1305 4733 1372 4796 in
1428 4753 1686 4796 munere
1727 4729 2023 4815 portarii)
2078 4727 2251 4794 Mab.
2304 4731 2359 4806 1,
2398 4732 2449 4789 1.
2516 4751 2655 4812 pet-y
2716 4729 2955 4814 tymme
3006 4753 3047 4791 a

153 4857 296 4918 cyano
345 4833 548 4898 eunill
591 4833 709 4896 οἶοι
733 4881 748 4894 .
779 4881 793 4895 .
826 4878 841 4893 .
882 4835 952 4915 qf
987 4833 1205 4918 aelceiff
1237 4856 1358 4918 yno
1385 4885 1398 4896 .
1425 4881 1438 4894 .
1495 4833 1758 4916 avynnei
1796 4833 1989 4916 hayeu
2010 4829 2500 4915 -arbenm‘ctwyd
2542 4830 2681 4893 clod
2722 4853 2795 4894 ac
2832 4843 3043 4913 etmyc.

147 4957 274 5014 ρει-κη
301 4962 352 5022 y
383 4937 466 4998 lle
503 4957 550 5020 y
577 4934 765 5018 kaffei
806 4933 1200 5021 (quicunque
1247 4936 1418 4999 volet
1445 4933 1713 5019 adipisci
1761 4934 2043 5018 gloriam,
2076 4983 2091 4996 .
2120 4984 2134 4997 .
2165 4982 2181 4995 .
2214 4933 2489 5017 accipiet
2533 4955 2673 4996 eam
2718 4931 2826 5010 ibi,
2856 4981 2870 4994 .
2896 4979 2909 4992 .
2937 4932 3045 5015 qui

153 5037 258 5100 velit
297 5055 526 5102 tamen
569 5036 908 5122 primatum
951 5036 1190 5123 gloriae
1235 5048 1298 5102 et
1339 5035 1617 5114 honoris,
1667 5035 1802 5100 scio
1846 5035 2077 5114 locum,
2130 5035 2235 5100 ubi
2278 5034 2587 5120 accipiat)
2640 5039 2691 5114 1,
2727 5033 2867 5098 284.

263 5143 538 5206 Aren.
583 5136 940 5205 HOGEN:
1007 5161 1124 5224 nep
1191 5163 1274 5202 an
1336 5160 1406 5200 re
1464 5159 1527 5200 80
1579 5159 1754 5221 quen
1817 5147 2005 5201 meant
2072 5157 2275 5202 mazeo
2347 5147 2561 5200 truant
2614 5155 2719 5200 ma
2773 5146 3049 5200 auantur
