3717 5642
978 410 1093 479 IV.
1141 413 1201 477 2.
1268 426 1839 479 ramosmonas
1883 428 2355 479 smnmvmm.
2633 412 2780 483 (636-
2805 418 2925 480 637)
2993 416 3108 480 671

373 596 741 661 Aremorica
782 596 1071 682 exempla
1113 619 1241 663 non
1284 596 1662 663 invenimus.

372 694 493 777 IN,
546 696 673 762 YN
726 696 887 781 (hib.
926 700 1026 778 in,
1070 699 1126 779 i,
1170 697 1270 782 in)
1322 698 1391 761 in
1434 696 1851 763 cambricis
1897 698 2077 764 libris
2119 701 2578 767 recentioribus
2635 726 2678 764 π
2721 710 2920 766 mutat
2967 710 3116 767 ante

230 816 519 865 consonas
548 799 899 867 secundum
926 808 1269 885 praecepta
1300 798 1391 885 (p.
1429 798 1601 882 117),
1643 798 1709 863 in
1739 799 2194 865 vetustioribus
2225 802 2481 887 saepius
2525 802 2760 867 omittit
2798 812 2922 869 tam
2969 813 3116 868 ante

232 917 517 966 consonas
560 924 749 988 quam
790 900 1071 966 vocales.

374 1000 683 1091 Exempla
722 1027 870 1071 cnm
911 1002 1239 1069 intellectu
1280 1001 1407 1069 hib.
1450 1003 1519 1065 in
1563 1024 1705 1067 cum
1748 1002 1996 1068 dativo:
2061 1004 2352 1067 dierclcim
2395 1006 2477 1067 tir
2520 1005 2678 1069 telile.
2724 1006 2938 1071 haioid
2981 1006 3110 1069 {lau

228 1099 343 1163 elea
374 1104 436 1186 s.
474 1106 681 1192 yelhty
737 1106 853 1190 (ad
894 1104 1285 1192 poscendam
1326 1116 1557 1170 terram
1599 1103 1703 1186 T.,
1760 1125 1922 1189 quae
1967 1116 2105 1171 erat
2144 1105 2209 1170 in
2255 1127 2442 1171 manu
2483 1104 2562 1169 E.
2619 1106 2734 1171 filii
2783 1107 2894 1189 G.)
2953 1107 3114 1173 Cod.

228 1199 409 1267 Lichf.
461 1205 663 1293 (App.
708 1207 785 1272 L.
826 1206 1029 1272 Land.
1074 1230 1137 1293 p.
1180 1207 1357 1292 271).
1426 1207 1530 1270 dir
1570 1209 1741 1269 main
1785 1208 1813 1268 i
1852 1209 2017 1270 cecin
2057 1208 2118 1269 iv·
2159 1206 2251 1269 alt
2305 1207 2538 1293 (usque
2595 1209 2677 1273 ad
2719 1209 2994 1295 lapidem
3049 1211 3112 1273 in

230 1300 399 1369 dorso
441 1306 672 1391 saltus)
716 1307 791 1373 L.
822 1308 1025 1375 Land.
1062 1310 1202 1373 186.
1253 1330 1339 1393 yn
1376 1332 1533 1393 ynys
1570 1310 1835 1393 prydein
1881 1309 1978 1393 (in
2022 1308 2234 1373 insula
2273 1308 2666 1394 Britannia),
2705 1333 2792 1395 yn
2837 1312 2911 1375 Ile
2955 1312 3121 1375 arall

230 1402 369 1485 (alio
408 1407 580 1492 loco)
622 1410 798 1477 Mab.
846 1415 901 1492 1,
933 1414 993 1475 4.
1025 1413 1085 1475 5.
1173 1408 1333 1476 Cum
1380 1432 1575 1475 sensu
1614 1409 1918 1475 motionis
1960 1410 2030 1473 in
2071 1410 2278 1475 locum
2321 1410 2526 1477 factae
2570 1411 2674 1477 vel
2715 1414 2796 1477 ad
2839 1424 3114 1500 tempus:

222 1505 421 1587 yrefiat
440 1515 649 1598 μεεὶρ
691 1516 787 1577 nis
825 1515 959 1577 min
996 1514 1026 1575 i
1067 1510 1297 1577 suthula
1339 1510 1449 1573 hai
1485 1510 1673 1575 cenet!
1710 1513 1739 1573 i
1776 1514 1868 1575 oie
1906 1514 2070 1576 oisou
2114 1510 2428 1595 (notarius
2474 1526 2700 1599 postea
2741 1538 2871 1579 non
2901 1526 3120 1601 surget

227 1604 283 1669 in
324 1606 393 1673 T.
440 1622 505 1677 et
544 1635 751 1698 genus
794 1614 935 1681 eius
978 1614 1047 1677 in
1090 1621 1355 1678 aetatem
1402 1622 1707 1694 aetatum,
1752 1612 1820 1677 in
1865 1613 2267 1697 perpetuum)
2314 1612 2474 1681 Cod.
2521 1616 2722 1681 Lichf.
2765 1616 2804 1680 1.
2850 1638 2904 1681 c.
2972 1639 3120 1701 αρεν

232 1730 453 1775 caman
492 1715 523 1775 i
562 1718 733 1779 einer
774 1716 962 1781 diued
1003 1715 1309 1800 (influxus
1340 1712 1417 1779 C.
1460 1712 1634 1777 fluvii
1678 1714 1747 1777 in
1778 1712 1853 1779 C.
1885 1706 2287 1799 Ῑ).’11ιινίωῃ)
2317 1714 2391 1779 L.
2423 1715 2625 1781 Land.
2665 1717 2803 1781 117.
2857 1718 3122 1798 crafnell

230 1810 310 1874 bet
338 1836 463 1897 pan
506 1816 762 1901 dascym
802 1838 889 1901 yn
930 1820 1061 1881 uiso
1100 1815 1237 1900 (Cr.
1282 1816 1480 1897 rivus,
1529 1815 1731 1881 donec
1774 1816 2001 1881 incidit
2039 1813 2422 1901 in‘Iscam),
2465 1840 2592 1901 yuy
2633 1818 2822 1903 nyhyt
2861 1819 2954 1883 laic
2983 1841 3118 1903 pan

227 1912 465 1999 dtkcynn
500 1938 591 1999 yn
631 1918 857 2000 hasa-en
912 1917 1025 2001 (G.
1073 1918 1421 1984 secundum
1474 1940 1645 1997 eum,
1700 1916 1908 1983 donec
1946 1917 2175 1983 incidit
2222 1918 2290 1982 in
2337 1916 2698 2001 Sabrinam)
2763 1920 2900 1983 127.
2967 1943 3119 2006 aper

211 2012 457 2091 finnaun
499 2020 732 2083 doudec
772 2022 923 2083 seint
960 2043 1049 2105 yn
1091 2021 1224 2085 linn
1252 2021 1529 2105 synadon
1570 2018 1830 2103 (ostium
1873 2018 2067 2085 fontis
2113 2018 2441 2085 duodecim
2487 2028 2848 2085 sanctorum
2891 2022 2956 2087 in
2989 2032 3118 2089 sta-

226 2136 403 2198 gnum
444 2117 543 2205 S.)
594 2122 733 2187 138.

368 2220 541 2287 Ante
584 2222 945 2289 articulum:
990 2226 1059 2287 in
1099 2226 1163 2287 ir
1189 2222 1597 2309 qucrimlaetic
1640 2221 1755 2305 (gl.
1800 2220 1868 2286 in
1899 2231 2140 2306 arguto,
2184 2222 2352 2306 foro)
2397 2222 2480 2308 gl.
2514 2221 2636 2288 Ox.
2671 2222 2792 2289 38⁸.
2854 2248 3020 2310 φναν
3063 2230 3118 2289 ir

225 2316 449 2383 laeum-a
488 2326 642 2388 ebsid
682 2348 761 2389 av·
798 2328 827 2389 i
848 2325 1003 2409 fruc
1042 2327 1111 2389 in
1152 2325 1213 2386 ir
1254 2326 1372 2387 coit
1406 2345 1592 2387 maur
1635 2320 1857 2409 (super
1889 2332 2072 2388 vetus
2117 2324 2346 2388 vadum
2390 2324 2559 2409 quod
2601 2336 2701 2389 est
2741 2326 2822 2391 ad
2861 2327 3120 2391 fluvium

227 2417 281 2481 in
310 2422 474 2488 silva
497 2427 761 2513 magna)
794 2426 871 2493 L.
899 2426 1103 2493 Laud.
1137 2428 1236 2491 70.
1291 2447 1368 2487 αο·
1410 2425 1499 2487 hit
1538 2427 1568 2488 i
1590 2438 1745 2487 nant
1788 2426 1872 2517 du
1917 2426 2260 2510 (liryuaz'ret
2305 2424 2396 2487 bec
2431 2448 2608 2509 parm
2651 2428 2844 2490 ‹liucin
2886 2429 3125 2493 inidair

223 2525 311 2584 ein
349 2527 559 2591 circha
602 2528 711 2612 tas
745 2526 1129 2611 (secundnm
1171 2526 1435 2593 fiuvium
1475 2525 1723 2611 nigrum
1768 2526 2056 2591 deorsum
2103 2526 2309 2591 donec
2351 2526 2522 2616 cadit
2563 2527 2629 2589 in
2673 2540 2902 2593 terram
2945 2539 3120 2593 ante-

226 2642 395 2705 quam
448 2630 745 2712 pervenit
796 2629 863 2693 in
908 2628 981 2695 Τ.
1026 2627 1317 2712 fluvium)
1372 2628 1515 2693 247.
1586 2628 1843 2711 yweieon
1881 2628 2176 2712 ymaethu
2226 2648 2352 2711 yny
2409 2627 2485 2690 lle
2534 2651 2576 2711 y
2625 2630 2872 2714 ywebsei
2916 2652 3120 2715 gynon

222 2724 415 2811 (pueri
470 2730 848 2815 sagittantes
906 2753 981 2797 eo
1024 2730 1195 2812 loco,
1258 2728 1367 2795 ubi
1420 2728 1667 2794 viderat
1710 2727 1817 2813 C.)
1834 2778 1851 2809 ‚
1901 2731 2230 2814 yywez'eson
2273 2750 2360 2813 yn
2401 2730 2610 2793 saetlm
2661 2752 2748 2813 yn
2787 2752 2868 2815 φ·
2918 2756 3004 2795 un
3047 2732 3124 2795 {le

222 2826 415 2913 (pueri
458 2831 838 2917 sagittantes
882 2831 1103 2897 eodem
1146 2831 1317 2917 loco)
1360 2830 1533 2896 Mab.
1571 2832 1623 2911 1,
1658 2831 1755 2895 12.
1787 2830 1890 2894 22.

366 2931 422 2997 F
424 2934 704 2999 ormnlae
735 2956 873 3000 cum
904 2934 1384 3020 pronominibus
1416 2931 1695 2999 suffixis:
1739 2956 1780 2996 a
1808 2932 2089 3015 chymryt
2129 2934 2314 2995 metit
2343 2932 2710 3018 ayoueileint
2735 2933 3120 2995 awneutlzum

215 3033 365 3116 μηρί’
404 3056 511 3097 am
562 3036 773 3121 hynny
828 3034 923 3118 (et
966 3058 1215 3101 sumere
1272 3033 1596 3099 tristitiam
1649 3042 1713 3099 et
1764 3032 2252 3099 sollicitudinem
2311 3033 2496 3119 coepi
2554 3033 2622 3097 in
2677 3057 2778 3099 me
2837 3034 2914 3097 de
2966 3032 3118 3113 hoc)

221 3130 377 3201 Mab.
412 3140 467 3217 1,
501 3138 561 3203 5.
622 3160 709 3201 na
750 3136 995 3201 welsam
1036 3140 1261 3222 eiryoet
1299 3135 1653 3221 vilwvyaetlc
1689 3157 1777 3219 yn
1804 3134 1985 3199 wreic
2026 3132 2290 3217 kymeint
2333 3158 2410 3199 ασ
2446 3146 2597 3221 ynot
2624 3138 2674 3199 ti
2715 3134 2915 3219 (quod
2959 3158 3118 3199 nun-

226 3256 396 3320 quam
454 3238 729 3303 vidimus
771 3237 1073 3304 ferociam
1115 3240 1183 3304 in
1226 3237 1487 3303 muliere
1528 3246 1765 3301 tantam
1811 3243 2114 3322 quantam
2155 3235 2222 3299 in
2267 3235 2362 3319 te)
2417 3238 2480 3318 3,
2518 3238 2619 3300 29.
2685 3236 2854 3300 kawc
2897 3248 3121 3320 aryant

222 3338 453 3423 adwfyr
472 3340 707 3424 yndaw
750 3338 933 3423 (lanx
976 3348 1277 3425 argentea
1318 3348 1383 3405 et
1408 3361 1576 3425 aqua
1616 3338 1682 3401 in
1714 3336 1818 3419 ea)
1855 3340 1910 3417 1,
1945 3339 2044 3402 15.
2099 3358 2178 3400 ar
2215 3337 2386 3421 ffomz
2427 3338 2672 3422 hayarn
2713 3338 3127 3422 adywedassei

216 3460 255 3520 y
284 3461 415 3524 quor
449 3464 495 3525 y
535 3444 631 3504 mi
668 3451 773 3505 not
814 3440 1017 3525 llwytk
1060 3442 1270 3504 ἄθυτον·
1309 3444 1482 3527 yndi.
1527 3442 1748 3525 hyspye
1789 3440 1902 3502 oed
1937 3438 2180 3523 yennyfi
2231 3452 2334 3503 ποι
2379 3440 2582 3523 Ihoytle,
2619 3440 2874 3524 peclwar
2917 3438 3122 3503 milwr

218 3542 359 3621 yndi
408 3542 505 3626 (et
550 3543 735 3608 olava
773 3541 1007 3623 ferrea,
1060 3542 1127 3607 in
1172 3564 1298 3628 qna
1342 3542 1588 3608 dixerat
1637 3541 1736 3605 vir
1787 3539 1946 3605 mihi
1999 3562 2145 3605 esse
2198 3541 2448 3626 pondus
2506 3540 2768 3605 duorum
2827 3539 3118 3616 virorum,

222 3662 577 3725 persuasum
620 3642 778 3708 mihi
825 3656 961 3709 erat
1003 3666 1147 3709 esse
1192 3644 1441 3731 pondus
1489 3652 1781 3731 quattuor
1821 3641 2092 3706 militum
2135 3643 2204 3706 in
2250 3641 2353 3725 ea)
2404 3646 2455 3723 1,
2491 3644 2550 3707 7.
2603 3642 2852 3725 lcawyeu
2889 3652 3121 3726 aryant

222 3744 449 3831 adwfyr
487 3769 535 3831 y
572 3746 845 3830 ymolchi
878 3748 1123 3830 yndtmt
1177 3746 1425 3829 (lances
1471 3753 1808 3829 argenteae
1864 3755 1928 3808 et
1969 3766 2136 3829 aqua
2179 3743 2258 3807 ad
2301 3744 2638 3809 lavandum
2683 3744 2752 3807 in
2795 3741 2921 3825 eis)
2971 3746 3024 3823 1,
3059 3745 3116 3807 5.

216 3849 411 3932 φορᾶς]
452 3859 714 3933 aeyuynet
754 3846 1101 3933 ywylltineb
1136 3849 1381 3932 yndmzt
1433 3847 1609 3931 (cum
1648 3846 1924 3911 redisset
1962 3845 2180 3910 feritas
2223 3845 2293 3909 in
2339 3868 2486 3927 eas,
2542 3844 2840 3931 capreas)
2892 3847 2942 3925 1,
2977 3846 3118 3909 236.

222 3944 367 4012 Cum
409 3950 645 4015 ceteris
688 3949 983 4036 personis
1022 3947 1329 4015 formulae
1371 3947 1715 4015 hodiernae
1752 3969 1959 4033 ynom,
1997 3948 2212 4032 ynooh.

369 4049 717 4118 Cornice
744 4050 859 4132 IN,
904 4051 1059 4117 YN:
1100 4074 1189 4136 yn
1230 4051 1347 4137 kyq
1382 4072 1469 4135 yn
1508 4071 1654 4135 90y3
1694 4072 1784 4113 ow
1809 4071 1972 4135 pewe
2014 4049 2113 4134 (in
2143 4071 2354 4129 carne,
2399 4049 2464 4113 in
2509 4048 2820 4134 sanguine
2863 4047 3120 4131 vivens)

222 4146 285 4214 P.
310 4152 453 4233 256,
483 4154 545 4217 4.
598 4176 687 4239 yn
716 4154 773 4217 le
798 4174 943 4237 may
982 4152 1117 4217 then
1158 4151 1315 4237 (quo
1358 4152 1501 4217 loco
1547 4173 1715 4215 eram
1776 4150 1928 4235 [quo
1971 4151 2201 4237 ibamJ)
2259 4153 2359 4231 79,
2391 4153 2448 4215 3.
2515 4153 2682 4215 dowr
2725 4151 2808 4213 Ιια
2851 4172 2998 4236 qoys
3035 4172 3122 4232 yn

222 4252 483 4319 kemkis
535 4253 738 4339 (aqna
780 4262 845 4319 et
886 4252 1146 4337 sanguis
1188 4254 1257 4317 in
1298 4251 1642 4336 mixtione)
1687 4252 1789 4330 58,
1828 4254 1890 4317 4.
1954 4275 2040 4338 yn
2083 4252 2211 4337 neff
2247 4264 2479 4339 treyys,
2516 4274 2602 4336 yn
2646 4254 2762 4333 nef
2795 4255 2979 4337 tremis
3023 4251 3120 4335 (in

224 4356 379 4421 caelo
420 4355 735 4439 moratus)
782 4357 841 4436 7,
870 4355 931 4419 2.
976 4356 1075 4437 93,
1110 4356 1167 4420 3.
1252 4354 1529 4420 Abiecto
1571 4376 1615 4415 n
1658 4374 1797 4417 cum
1841 4353 2215 4438 pronomine
2257 4351 2628 4439 possessivo
2673 4353 2896 4418 infixo:
2944 4375 3037 4416 me
3081 4378 3120 4417 a

224 4458 335 4519 veel.
358 4506 373 4521 .
399 4508 413 4522 .
436 4506 455 4521 .
484 4458 595 4543 yth.
632 4476 845 4541 seruye
888 4454 1041 4539 (ego
1082 4478 1191 4521 ero
1234 4457 1303 4521 in
1348 4453 1607 4521 servitio
1652 4452 1792 4536 tuo)
1838 4456 1940 4535 49,
1979 4458 2030 4519 1.

368 4556 535 4625 Onm
580 4556 1061 4643 pronominibus
1106 4556 1389 4623 suffixis:
1444 4578 1535 4621 ow
1575 4555 1743 4619 colon
1781 4557 1992 4640 ynnof
2023 4578 2064 4619 a
2107 4566 2197 4619 ter
2250 4554 2391 4639 (cor
2432 4579 2642 4623 meum
2683 4556 2750 4619 in
2793 4578 2896 4621 me
2941 4555 3113 4621 fran-

226 4658 413 4743 getur)
454 4657 537 4725 R.
572 4660 715 4723 707.
770 4680 997 4743 nynsus
1022 4660 1174 4741 fout
1210 4679 1406 4742 ynnos
1442 4657 1655 4742 quelys
1699 4653 1861 4738 (non
1905 4666 2006 4723 est
2046 4656 2264 4721 vitium
2307 4656 2376 4721 in
2419 4668 2482 4723 te
2527 4657 2768 4741 visum)
2815 4656 2894 4725 Ο.
2927 4658 3112 4722 2293.

222 4780 365 4843 ynno
386 4762 523 4843 feet
566 4761 745 4826 lukas
786 4760 871 4825 tol
900 4809 916 4827 .
944 4810 959 4824 .
986 4809 1001 4825 .
1034 4784 1075 4825 a
1116 4782 1185 4823 ve
1224 4759 1394 4843 tellys
1437 4757 1535 4842 (in
1578 4780 1673 4839 00,
1719 4758 1954 4843 capite,
1995 4757 2307 4843 permulta
2345 4757 2654 4825 foramina
2697 4767 2848 4823 sunt
2888 4757 3121 4841 forata)

228 4859 287 4925 P.
318 4864 451 4943 133,
486 4865 549 4929 4.
616 4884 783 4949 ynuo
834 4884 928 4927 me
968 4884 1053 4949 ny
1088 4862 1251 4948 qaffe
1294 4860 1451 4945 scyle
1490 4882 1599 4925 vas
1654 4859 1753 4943 (in
1796 4881 1872 4924 eo
1924 4882 2055 4923 non
2097 4859 2503 4925 inveniebam
2559 4882 2810 4925 causam
2855 4858 3116 4942 iustam)

234 4962 347 5046 142,
373 4967 432 5030 4.
502 4988 591 5028 cm
650 4963 782 5029 ioul
826 4986 995 5049 ‚fmno
1047 4986 1115 5027 re
1168 4964 1373 5026 cab-ecee
1425 4961 1757 5045 (diabolus
1818 4960 1886 5024 in
1940 4983 2018 5025 eo
2073 4960 2430 5045 insederat)
2482 4963 2584 5044 47,
2623 4966 2684 5027 4.
2761 4985 2845 5025 an
2897 4962 3123 5046 yraych.

226 5066 365 5149 yshy
404 5089 499 5133 ese
538 5066 779 5153 (gratia
819 5088 982 5151 quae
1026 5076 1165 5131 erat
1204 5065 1271 5129 in
1316 5086 1421 5145 ea,
1466 5072 1665 5129 matre
1708 5060 1890 5145 Iesu)
1934 5062 2078 5144 222,
2118 5064 2180 5126 4.
2241 5062 2366 5125 lum
2405 5086 2592 5148 yrous
2637 5088 2676 5127 α
2717 5086 2784 5125 ve
2830 5063 3118 5147 drelwvye

228 5165 293 5229 Ιια
343 5166 485 5231 Hasce
522 5168 772 5253 sasteys
816 5190 986 5253 ynny
1048 5167 1153 5251 (et
1209 5189 1362 5233 crux
1417 5174 1516 5230 est
1571 5173 1783 5231 erecta
1834 5174 1900 5228 et
1955 5162 2140 5229 Iesus
2195 5166 2358 5229 fixus
2413 5164 2480 5227 in
2537 5164 2657 5248 ea)
2721 5166 2857 5245 184,
2913 5168 2963 5227 l.
3040 5187 3120 5227 vn
