3717 5642
1199 397 1323 467 III.
1367 399 1426 466 2.
1499 415 1722 464 va
1762 415 1943 464 narr.
1988 413 2336 465 monam.
2896 397 3038 462 (5⁶⁶)
3097 395 3221 462 565

271 585 674 674 herborokyet
730 576 1152 673 (hospitari’)
1207 583 1394 654 Gath.
1471 583 1616 650 beza
1663 583 1842 652 Man.
1885 583 2112 667 Dum.;
2183 583 2375 650 hodie
2428 604 2544 670 pro
2602 581 2859 650 dialecti
2912 580 3223 650 varietate

273 687 420 776 (pp.
458 690 581 754 116
611 709 708 775 sq.
758 687 910 773 144)
953 688 1120 771 beza,
1171 687 1306 771 ὀὲᾱ,
1357 686 1464 753 bea
1513 688 1869 755 secundum
1908 686 2073 773 Lgn.

455 893 548 958 Π.
634 891 944 980 Propriae
971 892 1276 960 formulae
1306 893 1602 960 comicae
1648 901 1712 958 et
1739 891 2125 958 aremoricae
2170 890 2475 972 oriuntur,
2522 889 2581 957 si
2624 891 2706 956 ad
2736 889 3221 978 significandam

270 996 410 1062 vim
453 993 796 1060 habendi
836 993 1020 1078 (mihi
1049 1003 1148 1062 est
1173 1023 1241 1050 ι·-
1267 994 1506 1079 habeo)
1549 1016 1666 1082 per
1693 993 2186 1082 impersonalem
2232 993 2771 1060 constructionem
2814 1015 2956 1060 cum
2998 991 3218 1059 formis

273 1095 661 1184 quibusdam
705 1096 885 1162 verbi
929 1096 1311 1164 substantivi
1353 1096 1644 1163 radicum
1687 1097 1744 1162 2.
1791 1105 1855 1164 et
1903 1100 1958 1164 1.
2004 1096 2073 1161 in
2115 1095 2471 1183 praesenti,
2527 1094 2765 1162 radicis
2812 1093 2890 1158 bu
2950 1116 3065 1182 per
3110 1115 3216 1161 ee-

267 1208 414 1265 tera
466 1207 758 1284 tempora
813 1196 1162 1280 adhibitae,
1225 1198 1694 1286 coniunguntur
1758 1198 2135 1286 pronomina
2186 1195 2555 1284 personalia
2616 1196 2833 1262 infixa.
2930 1195 3217 1263 Primum

269 1301 445 1366 enim
485 1298 976 1387 pronominibus
1017 1300 1234 1368 infixis
1279 1302 1340 1369 3.
1367 1321 1685 1388 personae
1730 1299 1983 1366 additur
2026 1299 2279 1387 syllaba
2306 1311 2454 1381 tem,
2498 1299 2639 1364 dev·
2683 1298 2888 1384 (corn.
2916 1301 3059 1385 jev-
3102 1321 3211 1386 pp.

271 1403 421 1468 154.
458 1402 632 1485 171),
679 1409 750 1466 ut
787 1399 910 1467 hae
938 1399 1284 1489 infigantur
1310 1401 1648 1471 formulae:
1697 1424 1869 1470 corn.
1901 1403 2083 1489 nqeu-
2124 1421 2345 1482 masc.,
2390 1410 2543 1465 stev-
2568 1399 2716 1466 fem.
2762 1408 2826 1466 et
2866 1400 2973 1486 pl„
3018 1423 3211 1467 arem.

268 1504 493 1568 σπείου-
533 1525 754 1584 masc.,
799 1503 1014 1568 hedes·
1053 1503 1198 1572 fem.
1244 1504 1430 1592 sing„
1476 1504 1695 1570 hodw-
1736 1503 1931 1591 plur.;
1996 1501 2226 1568 deinde
2270 1501 2529 1570 cornice
2572 1502 2715 1588 (vix
2758 1500 3133 1587 aremorice)
3178 1501 3215 1566 b

267 1604 722 1672 intromittitur
765 1603 955 1670 etiam
997 1611 1145 1671 ante
1172 1605 1409 1673 formas
1451 1606 1748 1675 verbales
1791 1605 2077 1673 radicum
2124 1607 2180 1669 1.
2226 1612 2294 1670 et
2334 1605 2395 1670 2.
2437 1604 2811 1693 praesertim
2850 1611 2999 1690 post
3025 1609 3211 1670 notas

267 1728 340 1770 m
393 1707 452 1770 1.
492 1728 664 1794 pers.
723 1705 888 1792 sing.
945 1714 1010 1771 et
1063 1728 1093 1770 ε
1151 1705 1365 1794 (aym)
1423 1709 1480 1774 2.
1524 1730 1692 1796 pers.
1745 1709 1943 1796 plur.;
1998 1705 2277 1794 denique
2336 1706 2601 1774 eaedem
2654 1705 2959 1772 formulae
3016 1726 3213 1793 saepe

271 1815 590 1893 augentur
631 1808 1114 1896 pronominibus
1159 1808 1470 1876 absolutis
1512 1833 1646 1876 non
1675 1811 1880 1878 solum
1924 1833 1965 1878 a
1988 1810 2119 1876 fine
2149 1807 2404 1890 additis,
2452 1808 2568 1875 sed
2598 1807 2789 1874 etiam
2815 1806 3208 1896 praemissis.

263 1907 622 1976 Praeterea
672 1911 1084 1977 inveniuntur
1143 1911 1465 1999 exempla,
1524 1911 1646 1978 etsi
1698 1935 1907 2001 pauca
1923 1964 1939 1997 ,
1994 1913 2215 1982 harum
2266 1910 2607 1982 formarum
2659 1909 3090 1997 irregulariter
3142 1909 3209 1980 in

269 2011 620 2080 flexionem
664 2013 1064 2102 personalem
1105 2021 1670 2100 transgressarum.

1389 2200 1706 2292 Exempla
1747 2206 2091 2273 cornica.

443 2312 666 2390 Praes.
709 2322 894 2410 prim.
941 2323 1104 2409 sing.
1153 2325 1210 2388 1.
1251 2343 1462 2409 pers.:
1506 2325 1716 2390 march
1757 2347 1861 2390 am
1905 2327 2001 2392 bes
2028 2325 2291 2412 kymmes
2331 2323 2483 2390 drolc
2511 2348 2554 2390 a
2580 2323 2913 2410 wathevytb
2951 2323 3209 2410 (mirum

261 2424 506 2506 habeo,
551 2424 748 2491 miror
789 2433 1092 2512 quantum
1131 2423 1288 2491 mali
1330 2425 1626 2513 patiaris)
1656 2426 1730 2493 P.
1769 2429 1908 2511 120,
1944 2431 1997 2493 1.
2063 2449 2207 2492 mur
2246 2428 2429 2492 υανιΙι
2456 2425 2673 2492 ambus
2716 2425 3047 2513 (magnum
3090 2425 3205 2492 mi-

261 2527 558 2592 raeulum
600 2527 840 2612 habeo)
888 2526 967 2594 Ο.
1000 2529 1144 2592 371.
1201 2538 1350 2592 treet
1393 2551 1498 2594 am
1527 2529 1636 2594 bue
1677 2528 2163 2612 (confidentiam
2189 2529 2427 2617 habeo)
2456 2528 2537 2596 R..
2569 2530 2752 2596 1737.
2818 2551 2935 2594 orm
2964 2551 3069 2594 am
3098 2529 3209 2594 bus

261 2653 348 2716 vy
391 2628 710 2714 (timorem
751 2630 958 2698 habeo
988 2629 1139 2718 ego)
1186 2627 1266 2696 O.
1301 2630 1484 2696 1452.
1533 2631 1732 2718 yallos
1773 2653 1880 2698 am
1924 2631 2065 2696 bues
2092 2632 2253 2698 theth
2282 2653 2529 2719 erousye
2558 2631 2970 2717 (potestatem
2998 2630 3203 2702 babeo

257 2740 334 2798 te
384 2731 830 2819 crucifigendi)
871 2732 956 2799 D.
987 2733 1172 2799 2184.
1238 2731 1446 2798 marth
1490 2754 1596 2798 am
1642 2732 1782 2798 bues
1812 2730 2065 2819 (miror)
2095 2731 2179 2802 D.
2212 2735 2396 2801 2392.
2441 2731 2522 2799 Β..
2552 2733 2695 2800 960.
2751 2733 3010 2820 nymbus
3040 2745 3207 2822 quest

257 2833 434 2918 (non
479 2833 681 2900 habeo
722 2835 1030 2921 vestem),
1088 2833 1345 2921 nymbus
1381 2835 1570 2922 qratlz
1611 2836 1774 2922 (non
1815 2837 2021 2905 habeo
2066 2837 2365 2924 gratiam)
2410 2833 2489 2904 Ο.
2534 2838 2675 2904 356.
2713 2838 2895 2903 1413.
2946 2835 3204 2924 nymbus

251 2939 376 3007 ath
411 2939 696 3004 ’lauarow
735 2939 948 3004 whom
989 2961 1112 3025 aya
1155 2936 1368 3003 clewas
1411 2937 1480 3022 (e
1507 2938 1723 3006 verbis
1765 2939 1897 3006 tuis
1940 2962 2072 3006 non
2100 2939 2303 3006 babeo
2334 2938 2717 3008 desiderium
2763 2961 2841 3006 ea
2870 2936 3201 3022 audiendi)

247 3038 340 3106 R.
380 3041 566 3106 1517.
626 3062 776 3127 nym
819 3039 930 3106 bus
973 3041 1138 3127 bywe
1175 3062 1263 3106 na
1287 3037 1473 3125 fella,
1516 3040 1764 3130 nymbes
1807 3041 1973 3108 bewa
2014 3065 2101 3108 na
2130 3041 2313 3128 fella,
2356 3063 2503 3127 nym
2534 3041 2673 3107 beas
2715 3041 2879 3106 bema
2920 3063 3008 3104 na
3033 3039 3203 3122 fella

254 3142 433 3226 (non
475 3141 678 3208 habeo
734 3143 931 3209 vitam
985 3141 1288 3228 amplius)
1339 3141 1418 3208 R.
1464 3143 1650 3209 2210.
1718 3140 1824 3212 Cr.
1870 3145 2051 3210 1571.
2111 3145 2293 3210 1966.
2372 3167 2455 3230 ay
2498 3143 2637 3218 fruc
2676 3141 2874 3230 dybry
2914 3163 3063 3228 nym
3106 3139 3201 3206 bes

253 3244 482 3308 whom
531 3243 640 3328 (de
681 3243 889 3311 fructu
935 3244 1072 3311 eius
1117 3245 1305 3310 edere
1366 3267 1496 3310 non
1538 3243 1867 3330 desidero)
1924 3245 2003 3312 Ο.
2040 3248 2180 3312 171.
2258 3245 2551 3332 nymbues
2594 3266 2709 3310 ουκ
2751 3245 2895 3332 syth.
2936 3243 3199 3310 unnotho

251 3343 540 3430 (nullum
579 3345 868 3413 timorem
911 3345 1116 3414 habeo
1160 3345 1352 3432 eius),
1395 3369 1500 3434 my
1540 3369 1688 3434 nym
1731 3346 1872 3412 bues
1912 3348 2062 3414 dont
2104 3345 2255 3433 (ego
2285 3369 2415 3412 non
2447 3346 2697 3433 dubito)
2728 3345 2804 3412 R.
2836 3347 2980 3412 385.
3017 3345 3197 3411 1435.

247 3447 528 3532 wortkys
567 3467 662 3512 me
701 3446 937 3512 nembee
976 3469 1160 3534 neqys
1204 3448 1442 3533 (tecum
1488 3471 1606 3534 ego
1650 3471 1782 3516 non
1810 3448 2018 3516 habeo
2060 3448 2415 3535 negotium)
2449 3447 2554 3516 Cr.
2588 3450 2731 3515 551.
2797 3445 3043 3535 nymbes
3079 3447 3197 3533 yd-

249 3550 428 3636 draq
483 3549 685 3634 vytlae,
741 3547 984 3635 nymbes
1033 3549 1314 3636 yddraok
1366 3553 1424 3614 ν’
1480 3549 1760 3634 (nullam
1813 3550 2268 3638 paenitentiam
2317 3550 2566 3636 habeo)
2626 3548 2733 3618 Cr.
2785 3550 2971 3614 1141.
3017 3547 3195 3614 1506.

253 3649 516 3737 nymbes
553 3649 656 3736 ioy‘
703 3649 863 3735 (non
905 3649 1110 3718 habeo
1155 3651 1486 3738 gaudium)
1533 3651 1643 3720 Cr.
1677 3651 1859 3717 1260.
1910 3675 2014 3738 my
2056 3677 2097 3717 a
2136 3674 2267 3718 wor
2303 3665 2459 3740 ynta
2502 3653 2701 3738 lemyn
2740 3673 2891 3716 nam
2921 3648 3017 3714 bes
3045 3647 3199 3713 bewe

251 3776 348 3817 na
377 3750 542 3835 fella
597 3751 766 3836 (scio
807 3753 1008 3841 probe
1059 3776 1232 3821 nune
1273 3776 1374 3820 me
1437 3776 1568 3820 non
1608 3752 1844 3819 habere
1890 3754 2085 3820 vitam
2128 3753 2433 3842 amplius)
2493 3751 2571 3820 O.
2620 3753 2801 3818 1884.
2865 3772 3013 3816 nam
3058 3749 3198 3814 bueo

245 3852 440 3939 qulas
478 3875 644 3939 ymno
685 3855 888 3942 deffry
929 3855 1132 3941 (quod
1176 3859 1314 3922 non'
1348 3855 1556 3923 habeo
1599 3877 1867 3942 regnum
1906 3854 1975 3921 in
2021 3879 2097 3922 eo
2140 3856 2436 3939 indubie)
2480 3853 2561 3919 D.
2594 3853 2783 3920 2014.
2884 3853 2943 3920 2.
2988 3872 3191 3938 pers.:

249 3953 486 4020 anetho
537 3975 682 4018 mar
723 3957 846 4021 thes
878 3957 1108 4043 predsr
1163 3957 1276 4044 (de
1317 3981 1394 4028 eo
1439 3958 1497 4026 si
1538 3956 1738 4026 habes
1782 3957 2031 4044 curam)
2094 3955 2175 4026 Ο.
2223 3958 2368 4023 608.
2436 3977 2579 4020 mar
2634 3955 2801 4019 claues
2851 3973 2968 4018 ουπ
3021 3952 3196 4016 bones

255 4054 537 4142 hamb-ys
571 4054 664 4141 (si
701 4057 890 4125 times
930 4081 1015 4127 ne
1055 4060 1355 4148 vapules)
1395 4059 1478 4126 D.
1511 4061 1696 4126 2245.
1756 4059 1965 4123 marth
2002 4081 2083 4145 yv
2121 4059 2323 4147 9ynef
2353 4081 2440 4124 na
2469 4056 2639 4121 ulmea
2678 4055 2841 4120 mech
2882 4075 2973 4120 ow
3000 4049 3200 4116 lumel

247 4179 392 4244 qow
433 4155 659 4240 (miror
701 4161 870 4246 quod
914 4169 975 4228 te
1017 4185 1148 4230 non
1191 4163 1390 4250 pudet
1431 4160 1650 4228 dicere
1689 4160 1950 4245 falsum)
1994 4157 2073 4226 R.
2110 4159 2291 4226 1391.
2380 4158 2439 4224 3.
2483 4179 2683 4244 pers.:
2728 4177 2913 4222 mara
2938 4156 3093 4220 ieves
3116 4153 3197 4217 wl

252 4257 500 4346 dybbry
555 4259 646 4346 (si
689 4259 886 4329 habet
936 4264 1321 4332 desiderium
1377 4262 1638 4347 edendi)
1689 4260 1774 4328 D.
1823 4263 1928 4329 47.
2003 4261 2156 4327 dont
2204 4283 2289 4326 απ
2330 4262 2492 4326 iones
2546 4281 2631 4324 an
2676 4258 2819 4324 losel
2872 4255 3193 4337 (timorem

253 4360 458 4427 habet
495 4360 764 4449 nebulo)
807 4362 891 4430 D.
927 4367 1108 4433 1776.
1175 4364 1384 4431 marth
1425 4388 1510 4430 an
1533 4363 1704 4452 ysses
1731 4362 2053 4448 (miratur)
2100 4360 2177 4429 O.
2215 4361 2396 4428 1484.
2462 4361 2575 4427 neb
2616 4385 2658 4427 a
2700 4383 2773 4426 vo
2810 4381 2856 4446 y
2878 4357 3033 4446 900⁶
3062 4354 3194 4441 yol-

255 4463 372 4550 hys
409 4484 540 4548 nyn
564 4462 736 4548 joves
775 4466 969 4532 etham
1005 4468 1190 4555 qolky
1233 4467 1322 4552 (is
1367 4466 1553 4532 cuius
1597 4486 1831 4553 corpus
1883 4464 2161 4546 lavatur,
2208 4487 2371 4552 opus
2412 4486 2545 4530 non
2586 4462 2780 4531 habet
2818 4458 3052 4545 lavari)
3107 4457 3190 4525 D.

257 4566 401 4633 862.
465 4587 596 4652 nyn
635 4567 806 4654 yqfes
845 4568 1074 4654 sou-yth
1113 4590 1198 4653 yn
1242 4568 1392 4632 wlas
1445 4567 1606 4652 (non
1649 4567 1844 4635 habet
1888 4567 2169 4634 sodalem
2212 4567 2282 4633 in
2325 4566 2619 4654 regione)
2673 4562 2751 4631 R.
2800 4565 2980 4629 1855.
3045 4582 3194 4648 map

257 4669 376 4731 den
425 4669 542 4753 hep
587 4667 702 4732 ken
753 4691 826 4755 ys
869 4668 1025 4735 bara
1067 4669 1210 4756 byth
1249 4691 1377 4755 nyn
1418 4673 1574 4735 ievee
1631 4671 1693 4736 ol
1735 4670 1987 4750 baumes,
2045 4668 2191 4734 mab
2241 4679 2358 4734 den
2412 4670 2525 4755 hep
2581 4667 2691 4732 ken
2738 4689 2811 4754 ys
2856 4663 3012 4730 bara
3065 4687 3195 4747 nyn

255 4791 442 4856 yeuas
481 4771 568 4835 oll
603 4791 649 4856 y
675 4791 916 4836 vewnae
958 4769 1174 4856 (homo
1207 4773 1346 4838 sine
1390 4770 1518 4838 alia
1557 4793 1628 4837 re
1671 4770 1797 4836 nisi
1829 4793 1995 4858 pane
2039 4793 2169 4836 non
2197 4771 2391 4839 habet
2432 4794 2681 4838 omnem
2724 4768 2937 4848 vitam,
2985 4764 3194 4850 suam)

259 4871 338 4938 D.
371 4874 472 4940 66.
529 4871 611 4938 Ρ.
647 4871 748 4954 12,
785 4873 842 4937 1.
917 4895 1002 4938 απ
1044 4874 1190 4956 corf
1219 4895 1348 4938 nan
1386 4875 1552 4960 yqfes
1603 4875 1746 4961 vyth.
1779 4895 1911 4960 par
1961 4873 2227 4961 (corpus
2285 4876 2388 4942 cui
2430 4875 2677 4941 nullum
2728 4895 2844 4961 par
2887 4867 3015 4953 est)
3036 4915 3055 4948 ‚
3110 4889 3195 4931 cm

263 4973 464 5040 ‹zv-luth
505 4999 639 5041 nan
676 4974 844 5061 yefes
869 4996 991 5060 par
1036 4975 1360 5060 (dominus
1407 4977 1515 5063 qui
1543 4998 1674 5042 non
1703 4975 1897 5042 habet
1925 4978 2173 5063 parem)
2202 4978 2285 5045 R.
2318 4979 2459 5045 788.
2493 4979 2635 5043 912.
2686 4999 2775 5064 yn
2818 4973 3025 5061 byema
3068 4989 3197 5032 mm

259 5099 423 5162 qenes
443 5097 574 5164 par
606 5077 751 5164 (qui
779 5077 848 5142 in
876 5075 1000 5144 hoc
1025 5078 1262 5144 mundo
1305 5099 1436 5144 non
1477 5077 1712 5144 habeat
1753 5078 2010 5165 parem)
2054 5079 2138 5146 D.
2176 5081 2357 5148 1578.
2444 5079 2617 5146 Plur.
2649 5081 2708 5145 2.
2737 5097 2941 5168 pers.:
2982 5069 3195 5156 palum

265 5177 504 5263 eleemon
546 5201 622 5244 as
665 5179 806 5244 bueo
848 5179 985 5266 why
1025 5179 1308 5268 (qualem
1338 5201 1598 5249 causam
1625 5178 1877 5248 habetis
1907 5202 2025 5249 vos
2040 5179 2102 5268 Ρ)
2132 5181 2217 5250 D.
2254 5182 2435 5249 1970.
2492 5181 2817 5269 leuerouqh
2848 5182 3080 5268 thynny
3110 5193 3193 5234 απ
