3717 5642
546 386 671 449 668
736 386 874 449 (⁶23·
901 386 1027 449 624)
1319 382 1434 449 IV.
1482 386 1541 449 2.
1607 401 2182 453 rmurosrnonns
2225 384 2699 451 Biu‘mnmoffl.

550 570 735 636 vobis
790 580 995 637 sumat
1036 572 1165 657 me)
1220 570 1395 637 Mab.
1442 574 1496 653 1,
1538 572 1639 637 21.
1738 570 1797 636 3.
1840 592 2044 657 pers.:
2115 570 2322 636 rac-tal
2375 591 2486 635 eur
2541 590 2646 633 am
2679 591 2844 657 pean
2887 569 3010 654 pob
3068 592 3152 633 tm
3202 570 3464 634 ohortum

551 670 849 755 (frontale
880 695 1135 739 aureum
1166 672 1335 739 eirea
1366 680 1557 759 eaput
1586 672 2084 759 uniuscuiusque
2117 696 2198 739 ex
2231 673 2358 759 eis)
2387 672 2560 739 Mab.
2597 675 2652 754 1,
2685 674 2740 738 3.
2801 692 2872 737 or
2900 670 3100 735 diwed
3125 673 3264 735 αισι·
3286 670 3462 735 oboa-

548 786 703 837 mmt
742 774 1027 858 (tandem
1071 774 1269 840 taceri
1314 776 1393 841 ab
1439 774 1565 859 eis)
1616 778 1669 856 1,
1707 775 1849 840 248.
1947 774 2360 843 contrahitur
2411 785 2626 841 tamen
2669 772 2738 837 in
2779 793 2892 854 on,
2947 771 3004 837 si
3049 772 3338 859 sequitur
3403 774 3462 853 d,

548 884 619 939 ut
660 875 895 941 oriatur
935 875 1137 941 forms
1176 887 1362 943 aucta
1405 876 1653 945 ONAD
1699 878 2050 963 (disiuncta
2091 878 2238 965 ipsa
2280 898 2532 963 quoque
2573 871 2946 957 interdum):
3009 874 3218 959 apheth
3259 895 3296 939 ο
3339 872 3469 939 hali

547 976 751 1061 melyn
792 998 899 1041 am
940 976 1053 1062 bop
1092 1002 1179 1042 tm
1206 980 1484 1044 onadunt
1528 980 1625 1065 (et
1650 981 1885 1046 tunica»
1916 1002 1951 1045 e
1980 1002 2193 1066 panno
2236 978 2404 1044 flavo
2449 978 2620 1044 eires
2646 1000 2840 1042 unum
2879 997 3193 1063 quemque
3235 998 3320 1042 ex
3347 976 3464 1060 eis,

549 1077 797 1163 pueris)
840 1077 1012 1145 Mab.
1050 1082 1107 1162 1,
1138 1081 1195 1147 3.
1262 1083 1470 1167 teyack
1508 1102 1591 1167 yn·
1630 1083 1866 1165 kaoraf
1897 1082 2176 1147 onadtmt
2215 1081 2352 1166 hwy
2393 1101 2510 1143 ποι·
2551 1100 2796 1163 vorwyn
2841 1076 3064 1157 deckaf
3098 1076 3466 1163 (formosior

548 1180 821 1245 maxime
867 1179 1165 1247 deformis
1212 1204 1294 1247 ex
1334 1181 1486 1265 illis,
1532 1183 1785 1271 puellis,
1834 1207 2021 1271 quam
2061 1182 2276 1270 puella
2311 1179 2830 1263 formosissima),
2877 1178 3150 1244 ασΙιωεσΙι
3193 1180 3471 1245 onadaemt

549 1280 863 1365 aqymerth
902 1304 987 1368 ny
1026 1283 1241 1348 marck
1264 1332 1311 1347 ..
1338 1332 1353 1347 .
1386 1284 1660 1349 achwech.
1699 1286 1870 1349 ereill
1911 1285 2188 1349 onadunt
2229 1283 2544 1370 aqymertla
2583 1304 2662 1367 vy
2703 1297 2900 1345 arsen
2941 1279 3039 1365 (et
3079 1301 3194 1347 sex
3237 1300 3324 1347 ex
3365 1279 3462 1345 eis

550 1394 959 1468 sumpserunt
1000 1405 1229 1470 equum
1270 1405 1495 1465 meum,
1542 1394 1607 1451 et
1650 1408 1767 1453 sex
1808 1386 1972 1452 alise
2017 1408 2096 1453 ex
2140 1386 2236 1452 eis
2279 1393 2686 1471 sumpserunt
2727 1404 2905 1449 arma
2943 1380 3117 1467 mea)
3167 1385 3222 1465 1,
3252 1382 3316 1447 4.

717 1480 993 1551 Cornioe
1038 1494 1102 1551 et
1129 1484 1473 1551 aremoricae
1514 1485 1675 1553 haec
1703 1487 2055 1576 propositio
2084 1498 2186 1554 est
2210 1488 2296 1569 A,
2343 1484 2696 1553 destituens
2741 1494 3082 1571 sequentes
3125 1504 3468 1565 consonae,

551 1584 833 1651 eiusdem
878 1608 1055 1669 usus,
1100 1587 1281 1653 cuius
1327 1599 1427 1653 est
1467 1589 1697 1655 eambr.
1743 1610 1795 1670 ο,
1842 1588 2214 1675 significans
2256 1588 2486 1671 locum,
2529 1596 2780 1675 tempus
2797 1634 2816 1669 ,
2865 1607 3122 1653 eausam
3165 1594 3286 1651 ete.
3302 1635 3319 1666 ,
3363 1584 3474 1650 vel

547 1687 943 1775 respondens
973 1688 1269 1774 genetivo
1300 1701 1365 1755 et
1392 1690 1671 1757 ablativo
1700 1688 1918 1754 latinis
1946 1700 2096 1776 post
2124 1688 2544 1771 substantiva,
2575 1687 2914 1769 adieetiva,
2943 1690 3158 1755 verba.
3215 1692 3472 1755 Auotae

552 1789 747 1876 igitur
798 1790 1279 1876 pronominibus
1336 1791 1584 1859 suffixis
1634 1789 1876 1858 formae
1929 1800 2078 1857 sunt
2117 1814 2290 1859 oorn.
2339 1813 2532 1857 arem.
2575 1788 2868 1871 AHAN,
2915 1811 3088 1856 corn.
3131 1788 3470 1873 ANETH,

552 1913 741 1957 arem.
786 1890 1044 1959 ANEZ.

720 1990 1041 2079 Exempla
1094 1994 1419 2061 cornioa
1476 1994 1785 2081 simplicis
1838 1992 2107 2059 formae:
2159 2016 2257 2080 ψῃ
2309 1993 2458 2081 abye
2511 2018 2552 2059 a
2605 1993 2740 2059 lenm
2794 1992 2974 2081 9οΖοη
3025 1993 3174 2078 (vos
3215 1962 3374 2079 ro⁸go
3437 2015 3474 2059 e

548 2093 741 2179 pleno
784 2094 1005 2179 eorde)
1048 2093 1123 2161 Ρ.
1158 2099 1213 2178 1,
1250 2100 1306 2164 1.
1359 2118 1504 2183 may
1542 2094 1822 2161 ‹or-ellone
1845 2145 1860 2160 .
1889 2142 1904 2157 .
1932 2146 1942 2158 .
1975 2120 2018 2161 a
2045 2096 2183 2161 lena
2223 2120 2346 2183 aya
2374 2096 2494 2181 dry
2536 2095 2638 2180 (ut
2661 2095 2874 2161 ferant
2915 2116 3028 2161 eos
3073 2116 3154 2160 ex
3183 2115 3260 2161 eo
3291 2093 3476 2179 1000)

549 2194 695 2277 229,
725 2196 785 2259 4.
838 2218 1013 2261 meur
1052 2222 1096 2262 a
1138 2196 1338 2284 bobyll
1372 2218 1561 2284 qarwe
1600 2221 1645 2262 a
1684 2196 1934 2282 3y9how
1959 2246 1974 2260 .
1997 2246 2016 2262 .
2039 2244 2056 2261 .
2087 2198 2210 2283 hay
2252 2222 2292 2261 a
2317 2198 2480 2284 ylatk
2521 2197 2814 2282 (multum
2858 2196 3080 2285 populi
3119 2217 3260 2261 oum
3303 2197 3388 2262 iis
3435 2220 3480 2263 a

548 2294 813 2363 dextera
866 2309 931 2364 et
969 2322 1008 2365 a
1052 2299 1342 2384 sinistra)
1386 2300 1489 2380 97,
1524 2300 1582 2365 3.
1646 2319 1823 2363 meur
1864 2322 1905 2362 a
1951 2296 2102 2384 beyn
2144 2323 2187 2364 a
2226 2314 2464 2383 wo3evy
2507 2298 2802 2383 (multum
2845 2296 3082 2365 doloris
3123 2297 3477 2386 tolerabat)

548 2398 651 2479 54,
692 2400 743 2462 1.
795 2399 949 2483 qlan
977 2401 1065 2487 off
1100 2425 1141 2465 a
1170 2422 1291 2465 wos
1332 2424 1418 2464 an
1463 2400 1708 2465 dromas
1751 2400 1980 2489 (purus
2012 2424 2152 2467 sum
2195 2424 2236 2466 a
2263 2401 2576 2488 sanguine
2619 2401 2740 2466 viri
2766 2401 2982 2489 probi)
3014 2402 3155 2483 149,
3185 2402 3244 2467 2.
3306 2398 3478 2469 Cum

548 2499 848 2566 articulo:
906 2526 993 2567 an
1032 2502 1319 2589 vqlwlder
1358 2522 1505 2587 may
1538 2516 1699 2585 3eee-
1724 2502 1836 2587 (ex
1879 2501 2210 2568 altitudine
2251 2502 2362 2569 ubi
2405 2501 2571 2588 erat)
2615 2507 2675 2587 5,
2717 2504 2776 2569 2.
2835 2526 2882 2590 y
2904 2502 3116 2588 fe3aff
3154 2504 3340 2589 troffo
3383 2526 3478 2573 an

548 2600 726 2667 barth
770 2602 1023 2690 dyqltow
1064 2603 1389 2690 (morabor
1432 2626 1473 2669 a
1511 2614 1695 2691 parte
1735 2603 2029 2688 dextera)
2074 2604 2177 2686 93,
2208 2605 2268 2669 3.

716 2702 1084 2771 Praemissa
1122 2704 1456 2771 adiectivis
1500 2706 1724 2773 eadem
1762 2705 2156 2793 praepositio
2198 2706 2502 2773 adverbis
2541 2705 2766 2773 efficit:
2809 2717 2989 2791 notye
3015 2707 3163 2793 drys
3203 2728 3292 2771 an
3317 2706 3480 2772 solas

550 2856 565 2871 .
592 2852 608 2870 .
635 2856 650 2871 .
684 2830 727 2871 a
768 2828 915 2894 oque
952 2807 1078 2893 hay
1117 2831 1161 2871 a
1202 2805 1319 2871 belz
1358 2806 1718 2892 (notificare
1758 2830 1876 2895 per
1914 2816 2148 2874 terram
2191 2831 2393 2897 prope
2447 2818 2511 2877 et
2549 2807 2805 2897 procul)
2858 2806 2932 2873 Ρ.
2975 2808 3118 2889 249,
3151 2807 3210 2874 3.
3277 2831 3326 2875 α
3363 2806 3476 2893 3²·

540 2930 785 2995 sympye
826 2907 1087 2994 (subito,
1134 2906 1377 2993 statim)
1438 2909 1542 2992 28,
1578 2911 1633 2973 1.
1677 2910 1778 2992 81,
1810 2912 1870 2977 2.
1915 2911 2018 2993 84,
2051 2911 2111 2975 2.
2156 2912 2257 2995 85,
2289 2912 2347 2977 3.
2398 2912 2498 2994 88,
2530 2912 2590 2977 2.
2635 2911 2736 2993 98,
2764 2912 2830 2975 4.
2873 2909 3048 2994 (105,
3079 2908 3173 2995 3.)
3223 2910 3363 2993 118,
3407 2912 3476 2977 3.

552 3010 695 3092 143,
725 3012 787 3074 4.
833 3012 979 3093 247,
1006 3013 1070 3076 4.
1127 3010 1291 3077 abell
1332 3012 1399 3095 (e
1440 3009 1809 3097 longinquo,
1852 3013 2107 3100 procul)
2153 3016 2254 3096 77,
2285 3014 2344 3078 2.
2401 3038 2446 3079 a
2487 3013 2604 3079 bell
2641 3027 2714 3097 30
2751 3012 2946 3077 worth
2985 3036 3072 3076 απ
3105 3032 3281 3099 ytoyr
3323 3012 3482 3097 asyle

545 3112 801 3197 (prooul
844 3136 885 3178 a
920 3135 1073 3179 vero
1116 3112 1526 3198 aberrabant)
1571 3112 1715 3195 203,
1743 3116 1807 3179 4.
1893 3114 2068 3181 Ante
2096 3116 2256 3181 alias
2285 3114 2820 3203 praepositiones:
2865 3138 2908 3177 a
2933 3134 3054 3200 ray
3077 3114 3258 3199 φανῶ
3283 3112 3478 3178 colm-

548 3234 779 3281 menow
821 3214 895 3297 (a
930 3214 1137 3281 fronte
1176 3212 1333 3280 faeti
1372 3213 1557 3299 nodi)
1605 3216 1747 3297 131,
1775 3217 1833 3282 3.
1894 3217 1978 3281 ha
2014 3217 2118 3304 qlv
2159 3216 2224 3281 A
2263 3238 2384 3305 ray
2423 3217 2545 3303 hay
2587 3240 2628 3281 a
2655 3216 2933 3279 denewen
2975 3212 3156 3298 (audi
3196 3213 3480 3283 afronte

544 3325 609 3379 et
650 3338 691 3381 a
724 3316 956 3402 latere)
1000 3314 1081 3382 Ο.
1112 3316 1297 3382 2063.
1350 3337 1565 3401 ymno
1606 3340 1645 3381 α
1690 3338 1810 3404 ray
1844 3318 1951 3403 pel
1985 3318 2185 3405 qyllys
2227 3318 2444 3405 (porro
2484 3318 2739 3384 iverunt
2777 3316 3001 3403 longe)
3043 3314 3124 3382 Ο.
3171 3318 3356 3385 1636.

710 3418 981 3485 Formae
1026 3428 1253 3485 suetae
1294 3417 1793 3505 praepositionis
1836 3438 1979 3483 eum
2023 3420 2504 3506 pronominibus
2549 3418 2828 3486 suffixis:
2876 3418 3086 3484 arcum
3116 3440 3258 3506 pan
3295 3420 3478 3507 dyffy

543 3530 639 3603 3et
670 3542 809 3605 pow
842 3522 1111 3607 prede-ry
1154 3520 1415 3606 ahanaff
1447 3542 1615 3605 qur-a
1658 3518 1968 3603 (domine,
2013 3542 2154 3587 oum
2187 3522 2412 3589 venies
2455 3522 2523 3587 in
2559 3522 2886 3607 regionem
2911 3530 3106 3603 tuam,
3149 3530 3477 3589 memento

542 3620 698 3706 mei)
742 3620 817 3686 P.
858 3624 993 3705 193,
1027 3624 1085 3688 2.
1138 3624 1378 3690 ahana
1415 3620 1609 3707 ythew
1650 3620 1875 3707 sorisys
1917 3621 2030 3706 (de
2057 3632 2124 3689 te
2167 3633 2268 3691 est.
2295 3623 2630 3710 seriptum)
2681 3625 2776 3704 14,
2809 3622 2868 3687 2.
2933 3623 3188 3687 abanan
3213 3644 3298 3709 ny
3325 3626 3480 3709 syth.

550 3744 709 3788 onon
752 3724 823 3809 (e
863 3726 1052 3793 nobis
1096 3748 1227 3792 non
1272 3724 1393 3790 erit.
1434 3722 1801 3809 quisquam)
1844 3721 1928 3788 D.
1962 3725 2104 3789 772.
2159 3747 2323 3790 onan
2364 3723 2692 3811 alcanouqk
2733 3724 2956 3789 haneth
2995 3744 3140 3789 rum
3176 3726 3478 3812 queram

543 3824 711 3889 thom
764 3825 1047 3912 yekerm
1102 3826 1307 3911 (unus
1370 3848 1407 3891 e
1449 3824 1635 3891 vobis
1693 3823 1815 3889 heo
1868 3836 2056 3892 noete
2109 3827 2398 3893 vendidit
2449 3848 2554 3893 me
2601 3825 2880 3893 inimicis
2931 3826 3138 3911 meis)
3189 3826 3274 3895 D.
3323 3830 3474 3899 736.

542 3926 767 3992 anocho
805 3951 851 4014 y
886 3932 1111 4017 yerlzas
1146 3950 1193 4014 y
1234 3929 1393 4013 emff
1428 3927 1541 4013 (ab
1587 3949 1663 3993 eo
1710 3926 1974 3993 abstulit.
2015 3926 2154 3995 eius
2197 3928 2502 4013 animam)
2547 3928 2622 3993 Ρ.
2660 3928 2798 4010 106,
2829 3928 2891 3993 4.
2951 3950 3098 4016 may
3138 3930 3293 3995 rollo
3337 3928 3478 3996 brea

542 4043 737 4114 amy
794 4029 896 4114 (ut
943 4029 1136 4097 ferret
1175 4029 1481 4097 iudicium
1536 4029 1617 4096 de
1660 4050 1767 4110 ea,
1826 4028 2154 4095 mulierem
2206 4028 2633 4113 adduxerunt)
2689 4030 2790 4111 32,
2831 4030 2891 4095 2.
2969 4050 3015 4115 y
3067 4052 3231 4117 wreq
3286 4044 3364 4115 30
3401 4053 3478 4096 re

542 4144 731 4214 (τηεσε
772 4154 899 4197 moe
938 4147 1053 4217 3en
1094 4133 1207 4197 dre
1247 4131 1471 4217 (iussit
1512 4129 1761 4217 aliquos
1802 4152 1886 4195 ex
1931 4131 2026 4199 eis
2067 4132 2162 4199 ire
2203 4132 2274 4198 in
2299 4131 2543 4216 vicum)
2585 4132 2690 4213 27,
2721 4132 2780 4197 2.
2839 4152 2922 4195 aa
2959 4152 3270 4218 prennyer
3290 4182 3341 4198 ..
3361 4182 3380 4197 .
3401 4148 3479 4217 30

544 4234 774 4320 wu3yll
812 4256 991 4299 orons
1032 4250 1219 4319 aneje
1260 4234 1471 4321 (ligna
1509 4233 1592 4299 ad
1630 4232 1991 4299 faciendam
2033 4254 2286 4300 erucem
2329 4256 2411 4300 ex
2451 4230 2578 4317 eis)
2628 4235 2766 4315 151,
2795 4234 2856 4297 4.

709 4334 1026 4423 Exempla
1083 4335 1554 4403 aremorica:
1610 4336 1755 4399 ἄπει
1809 4357 1851 4398 a
1897 4334 2022 4399 lech
2073 4358 2136 4400 ee
2177 4358 2263 4400 na
2306 4334 2504 4400 daleet
2554 4334 2802 4420 (venite
2859 4334 2941 4401 ab
2994 4334 3117 4400 hoo
3158 4333 3333 4416 1000,
3387 4358 3478 4402 ne

544 4436 900 4522 tardaritis)
942 4435 1106 4503 Buh.
1155 4438 1293 4520 138,
1342 4438 1439 4503 11.
1520 4458 1627 4501 ma
1668 4448 1921 4521 quer-ent
1969 4459 2034 4502 so
2081 4436 2446 4519 tut...fier
2494 4461 2538 4501 a
2580 4435 2885 4523 mona-y
2935 4462 2978 4502 a
3017 4434 3276 4500 noblam
3325 4458 3372 4500 a
3425 4439 3484 4501 ti

532 4540 771 4624 piuizic
824 4539 1154 4625 (parentes
1194 4538 1325 4605 mei
1368 4548 1521 4604 sunt
1560 4536 1853 4603 homines
1895 4538 2177 4605 illustres
2229 4560 2266 4603 e
2305 4536 2670 4619 Britannis,
2711 4538 2996 4622 nobiles,
3057 4559 3094 4604 e
3139 4536 3330 4603 domo
3375 4537 3477 4603 di-

542 4639 703 4724 vite)
746 4640 849 4721 36,
881 4640 1059 4705 23—
1076 4642 1177 4723 38,
1208 4645 1261 4705 1.
1327 4666 1369 4706 a
1408 4638 1532 4725 pell
1572 4660 1773 4703 ameer
1816 4662 1857 4703 a
1899 4639 1996 4703 ket
2027 4640 2282 4724 pemdec
2321 4638 2493 4704 bloaz
2547 4638 2616 4723 (e
2657 4638 3006 4727 longinquo
3057 4648 3378 4725 tempore,
3435 4662 3476 4706 e

542 4740 751 4826 spatio
794 4740 1156 4826 quindecim
1200 4762 1545 4823 annorum3
1590 4764 1631 4805 a
1672 4741 1790 4823 het,
1838 4762 1876 4805 e
1918 4738 2332 4825 longitudine,
2374 4740 2502 4806 iam
2544 4739 2696 4806 inde
2737 4740 2806 4825 a)
2840 4743 2938 4823 12,
2975 4743 3072 4805 15.
3106 4740 3206 4806 16.
3263 4762 3306 4802 α
3333 4750 3474 4805 tru-

535 4864 723 4930 9arez
767 4844 876 4907 doe
918 4842 992 4928 (a
1033 4842 1497 4925 misericordia,
1549 4864 1667 4929 per
1708 4840 2208 4907 misericordiam
2253 4842 2380 4926 dei,
2430 4843 2723 4926 sanatus)
2763 4841 2853 4928 sq.
2917 4842 3036 4907 den
3079 4840 3226 4905 brae
3267 4842 3388 4907 den
3432 4868 3476 4908 a

540 4944 723 5009 choas
762 4944 881 5009 Ιιασ
922 4968 965 5009 a
1005 4956 1129 5009 stat
1170 4943 1389 5028 (homo
1436 4942 1701 5030 amplus,
1748 4941 1935 5008 homo
1967 4942 2208 5010 electus
2253 4953 2318 5009 et
2357 4944 2614 5025 nobilis,
2661 4966 2856 5029 germ.
2899 4966 3030 5010 von
3059 4942 3321 5030 stands)
3367 4944 3472 5027 28,

542 5045 643 5112 23.
694 5066 792 5110 me
818 5067 885 5110 so
916 5046 1033 5111 den
1062 5069 1103 5110 a
1132 5047 1257 5111 laea
1286 5044 1455 5130 (sum
1484 5044 1690 5111 cultor
1716 5042 1912 5130 legis)
1951 5045 2088 5127 150,
2123 5048 2179 5112 1.
2241 5046 2327 5109 da
2364 5057 2628 5132 youzout
2663 5056 2844 5132 petra
2887 5068 2928 5111 a
2953 5056 3087 5111 mat
3127 5068 3170 5109 a
3193 5066 3318 5131 φα
3360 5044 3476 5129 (ad

542 5145 869 5213 sciendum
927 5146 1079 5232 quid
1120 5146 1275 5213 boni
1310 5144 1533 5229 faeiat)
1581 5145 1679 5229 18,
1712 5144 1811 5210 20.
1868 5144 2108 5235 fram-q
2165 5170 2206 5211 a
2251 5166 2376 5235 pep
2428 5166 2702 5235 amquen
2754 5148 2948 5236 (liber
3003 5146 3176 5213 omni
3221 5146 3474 5232 dolore)
