3717 5642
529 435 652 526 596
725 442 861 504 (550·
887 443 1008 505 551)
1433 437 1556 506 III.
1602 440 1661 506 2.
1726 459 1945 506 vuum
1990 458 2174 512 Bam
2215 457 2562 512 monum.

530 648 616 712 ny
659 650 784 713 nyqp
828 628 1045 692 drosen
1091 626 1370 714 thmwy,
1412 650 1539 714 nyn
1582 629 1829 692 drossen
1871 651 1957 715 ny
2001 629 2107 715 bys
2149 631 2287 696 deso
2331 632 2489 718 (nou
2535 631 2972 700 attulissemus
3017 655 3163 699 eum
3204 655 3327 700 nos
3381 633 3468 699 ad

525 738 608 811 te,
655 728 783 794 nisi
830 739 1005 795 esset
1045 727 1253 795 malus
1297 728 1515 814 homo)
1560 728 1644 794 D.
1681 732 1863 796 1976.
1910 730 1980 796 P.
2016 734 2115 814 99,
2149 733 2211 796 2.

699 832 757 896 d.
802 830 976 896 Plur.
1024 831 1081 894 2.
1129 853 1331 919 pers:
1377 855 1418 897 a
1463 831 1583 895 ban
1627 855 1746 918 ηις
1787 835 1985 921 ’5611911
2021 885 2035 900 .
2063 886 2078 900 .
2103 886 2118 902 .
2150 857 2240 899 ow
2284 833 2459 919 holye
2502 835 2691 901 daver-
2732 837 2875 922 syth.
2914 861 3012 924 wy
3052 858 3139 923 ny
3160 837 3463 923 3ecsyu9h

528 937 640 1020 (ex
687 957 813 1022 quo
858 956 974 1000 vos
1018 933 1178 999 iussi
1218 957 1322 1000 me
1367 933 1570 1019 sequi,
1620 936 2125 1022 suppellectilem
2169 936 2406 1003 nullam
2449 959 2568 1004 vos
2612 938 3062 1025 sumpseratis)
3106 936 3180 1005 P.
3212 941 3315 1021 50,
3346 940 3410 1003 2.

689 1039 970 1102 Arem.:
1037 1060 1092 1101 a.
1156 1035 1320 1122 sing.
1377 1038 1436 1101 2.
1482 1061 1681 1125 pers:
1737 1063 1779 1102 a
1819 1051 1917 1102 ret
1958 1061 2036 1104 oa
2078 1061 2143 1103 e:
2186 1061 2319 1103 ates
2364 1038 2614 1104 bremam
2672 1041 2911 1106 ahanen
2966 1040 3143 1126 (num
3188 1061 3463 1106 necesse

527 1149 660 1205 erat
706 1141 915 1206 abires
960 1161 1130 1204 nunc
1175 1162 1215 1202 a
1257 1139 1518 1223 nobis?)
1563 1139 1698 1205 MJ.
1733 1140 1930 1207 213b.

693 1243 755 1307 b.
801 1241 982 1327 Sing.
1031 1245 1088 1307 3.
1133 1263 1332 1327 pers.:
1387 1243 1500 1328 hep
1546 1265 1686 1306 mar
1729 1265 1791 1304 ez
1835 1243 2089 1308 las-aras
2132 1265 2196 1306 ez
2239 1243 2465 1329 deuzye
2521 1242 2695 1328 (sine
2740 1242 2934 1309 dubio
2978 1241 3141 1309 dixit
3183 1265 3253 1310 se
3298 1265 3457 1309 veu-

525 1345 765 1427 turum)
809 1342 944 1409 MJ.
986 1344 1110 1408 232
1125 1367 1182 1409 a.
1285 1343 1456 1408 Plur.
1501 1346 1558 1408 2.
1605 1367 1804 1432 pers.:
1864 1345 2009 1409 deut
2047 1357 2180 1409 mat
2226 1366 2305 1409 ra
2350 1345 2493 1408 vecla
2526 1367 2663 1432 Ραη
2706 1346 2966 1410 (leuzech
3022 1357 3209 1430 quent
3262 1345 3464 1430 (bene

527 1447 850 1530 veneritis,
897 1447 1158 1530 salvete,
1205 1469 1352 1512 cum
1394 1447 1665 1534 primum
1711 1447 2049 1532 veneritis)
2094 1445 2230 1512 MJ.
2264 1450 2373 1512 7a.

691 1571 744 1615 c.
792 1548 973 1633 Sing.
1037 1550 1092 1612 1.
1139 1571 1339 1637 pera:
1399 1563 1542 1635 quet
1593 1573 1710 1614 nen
1760 1573 2029 1636 yrasenn
2076 1573 2213 1635 pan
2258 1549 2481 1612 villena
2516 1553 2645 1634 fon
2698 1549 2860 1634 (non
2902 1547 3201 1614 fecissem
3244 1547 3344 1631 id,
3406 1549 3465 1614 si

519 1651 782 1717 fuissem
827 1651 1116 1737 sapiens)
1161 1649 1297 1717 MJ.
1341 1655 1422 1718 82
1436 1654 1497 1718 b.
1565 1665 1751 1737 quent
1801 1676 1867 1716 ez
1905 1674 2175 1739 yrasenn
2213 1651 2366 1737 qlan
2410 1675 2495 1715 an
2538 1675 2643 1716 cas
2686 1672 2778 1714 em
2822 1653 3156 1715 avertisses
3210 1673 3295 1713 an
3339 1650 3465 1713 dra

517 1777 578 1815 se
637 1754 1004 1840 (antequam
1050 1753 1326 1819 feceram
1382 1755 1636 1821 omnino
1683 1777 1923 1836 casum,
1970 1753 2218 1818 monuit
2265 1775 2369 1818 me
2414 1754 2492 1819 de
2536 1754 2649 1819 illa
2690 1750 2790 1835 re)
2850 1753 2967 1818 197
2986 1752 3048 1816 b.
3149 1755 3212 1818 3.
3258 1775 3463 1839 persa

525 1857 774 1921 oredout
820 1879 884 1919 e:
922 1858 1128 1945 quelse
1170 1857 1290 1942 hay
1335 1879 1398 1922 ez
1436 1881 1624 1946 qrace
1659 1869 1827 1942 ptest
1867 1879 1955 1920 un
1998 1856 2094 1918 sin
2124 1855 2417 1936 manifest
2458 1856 2773 1940 (credere,
2818 1856 3119 1922 credebat
3145 1853 3473 1936 HerodeS,

521 1979 589 2020 se
637 1957 916 2022 visurum
963 1981 1103 2024 eum
1144 1959 1484 2026 facientem
1529 1969 1782 2046 praesto
1829 1959 2081 2044 signum
2125 1957 2558 2039 manifestum)
2610 1957 2727 2024 102
2743 1959 2801 2023 b.
3294 1947 3300 1952 ’

689 2059 860 2126 Plur.
907 2062 965 2125 2.
999 2083 1202 2147 pers.:
1251 2085 1290 2125 a
1319 2062 1446 2146 huy
1481 2062 1706 2146 proffe.
1735 2111 1749 2124 .
1777 2111 1790 2125 .
1816 2085 1881 2123 ez
1924 2062 2130 2126 roseo-Ie.
2162 2061 2250 2123 lin
2294 2061 2368 2138 de
2394 2081 2647 2144 yuymm.
2678 2059 2912 2143 (vosne
2938 2059 3299 2149 probaretis
3340 2081 3467 2124 vos

520 2161 780 2227 dedisse
825 2161 1023 2226 linum
1069 2163 1206 2228 eius
1255 2163 1644 2248 unguibus?)
1687 2161 1850 2226 Buh.
1888 2163 2028 2245 170,
2067 2165 2163 2228 14.

1598 2348 1926 2415 Formae
1970 2351 2372 2436 passivae.

690 2468 1187 2536 Cambricae:
1236 2490 1292 2533 a.
1341 2490 1547 2555 praes.
1591 2479 1656 2534 et
1696 2468 1840 2535 fut.:
1877 2473 2187 2556 payyueir
2229 2469 2337 2534 heb
2374 2492 2418 2556 9
2455 2470 2691 2556 qereint
2726 2467 2911 2554 ydeir
2933 2489 3083 2554 yma
3130 2481 3290 2555 (qua
3334 2468 3469 2550 via,

516 2571 724 2656 inquit
767 2569 870 2653 Gn,
916 2571 1042 2635 itur
1085 2570 1210 2636 huc
1224 2570 1284 2654 ?)
1327 2569 1501 2636 Mab.
1547 2571 1607 2652 2,
1639 2572 1740 2635 64.
1847 2570 2089 2638 Praet.:
2146 2597 2222 2637 ac·
2258 2595 2386 2660 yna
2426 2573 2518 2657 ycl
2559 2571 2861 2658 aetthyt
2906 2573 3064 2634 eneit
3104 2571 3250 2633 ἀνω
3304 2575 3471 2636 meir

514 2696 587 2736 ac
631 2675 702 2757 qs
735 2672 832 2757 (et
859 2682 1012 2738 tunc
1052 2673 1208 2739 itum
1243 2681 1346 2738 est
1389 2684 1738 2759 pugnatum
1769 2683 1870 2739 est
1911 2675 2117 2740 fronte
2162 2674 2228 2738 in
2272 2674 2544 2740 frontem
2584 2695 2730 2738 cum
2776 2695 2882 2754 θος
2928 2684 3125 2758 -Ρηῖιχῑ
3166 2693 3202 2736 e
3250 2669 3473 2757 buwyt

515 2797 576 2860 p.
612 2775 768 2859 575)
815 2775 872 2858 2,
905 2776 1050 2840 244.
1109 2777 1315 2861 aphau
1365 2776 1666 2861 aethpwyt
1703 2799 1746 2862 9
1788 2789 1987 2862 vata
2034 2775 2132 2860 (et
2175 2798 2317 2842 cum
2361 2775 2515 2842 itum
2564 2785 2667 2840 est
2708 2776 2788 2841 ad
2835 2775 3089 2858 cenam)
3140 2777 3193 2856 1,
3226 2773 3376 2839 291.

685 2877 746 2942 b.
795 2899 942 2962 pwy
979 2899 1024 2962 9
1061 2901 1197 2963 qwr
1235 2878 1480 2964 ywineu
1521 2900 1566 2962 9
1609 2879 1957 2964 deuthpwyt
2000 2889 2188 2943 attaw
2225 2900 2471 2964 qynneu
2514 2878 2691 2965 (quis
2737 2875 2838 2942 vir
2875 2875 3096 2943 fuscus
3141 2875 3223 2940 ad
3266 2898 3470 2962 quem

513 2986 770 3043 ventum
816 2986 915 3044 est
944 2978 1131 3043 modo
1147 2979 1207 3064 ?)
1240 2980 1298 3062 2,
1333 2982 1475 3047 391.
1539 3001 1669 3065 :qna
1710 3000 1754 3063 9
1799 2979 2145 3066 deutkpwyt
2189 2989 2407 3044 attunt.
2454 2980 2665 3066 aphau
2708 2978 3050 3065 doethpwyt
3090 2978 3272 3063 (tune
3300 3001 3473 3044 ven-

513 3090 646 3146 tum
694 3091 795 3146 est
839 3080 918 3146 ad
967 3104 1096 3146 eos.
1146 3091 1210 3147 et
1253 3105 1394 3148 cum
1438 3090 1697 3146 ventum
1743 3080 1947 3165 esset)
1994 3081 2051 3163 3,
2084 3082 2227 3147 203.

681 3205 736 3247 c.
821 3181 1044 3249 Praes.
1105 3193 1169 3249 et
1208 3183 1352 3250 fut.:
1405 3184 1699 3268 yhanuon
1744 3185 1979 3247 awneir
2032 3183 2199 3246 idaw
2254 3181 2447 3267 (mitti
2494 3181 2605 3247 fiet
2646 3181 2737 3266 ei,
2782 3181 3067 3248 mittetur
3110 3180 3201 3265 ei)
3246 3181 3308 3262 2,
3358 3185 3473 3250 15.

514 3283 733 3350 Praes.
769 3307 930 3350 sec.:
977 3308 1250 3372 armym
1293 3312 1333 3350 a
1362 3287 1586 3371 wncyit
1624 3308 1755 3371 yna
1797 3307 1972 3370 rumq
2016 3285 2133 3347 deu.
2180 3284 2305 3370 dyn
2334 3283 2776 3370 aumaetlzpwyt
2811 3305 2857 3369 9
2883 3305 3063 3372 monq
3098 3287 3338 3371 98νοίπί
3382 3309 3477 3348 ar

510 3407 764 3471 uorwgyn
809 3386 906 3472 (et
951 3387 1235 3472 sponsio,
1285 3411 1448 3474 quae
1493 3388 1743 3454 solebat
1782 3396 1915 3451 tum
1957 3386 2098 3452 fieri
2140 3385 2306 3450 inter
2347 3384 2506 3450 duos
2549 3385 2875 3468 homines,
2930 3385 3103 3451 facta
3146 3396 3246 3452 est
3287 3386 3479 3453 inter

509 3486 589 3552 G.
639 3497 703 3552 et
745 3486 1064 3575 puellam)
1111 3491 1169 3572 2,
1210 3491 1312 3555 27.
1387 3515 1461 3555 ac
1509 3514 1593 3556 an
1636 3491 1943 3554 carchara
1986 3493 2209 3555 awneit
2253 3485 2351 3570 (et
2389 3486 2457 3550 in
2499 3509 2820 3554 carcerem
2864 3488 3334 3571 coniceremur)
3400 3493 3476 3574 3,

519 3591 660 3655 148.
734 3588 947 3656 Praet.
978 3591 1191 3678 prim:
1237 3593 1384 3656 rodi
1417 3615 1578 3678 penu
1618 3615 1661 3678 9
1690 3591 1860 3656 kar-w
1906 3593 2351 3678 awnaethpwyt
2388 3612 2433 3675 9
2462 3594 2587 3655 mit
2628 3591 2794 3677 (dari
2838 3590 3075 3656 factum
3122 3601 3225 3658 est
3263 3602 3481 3678 caput

509 3691 682 3756 cervi
725 3690 990 3776 Enitae,
1052 3693 1264 3759 datum
1312 3703 1410 3760 est
1453 3694 1674 3780 caput)
1722 3694 1782 3776 2,
1814 3693 1915 3758 28.
1984 3693 2332 3779 tanqneued
2373 3717 2411 3756 a
2452 3693 2856 3780 wnaechpwyt
2909 3692 3068 3779 (pax
3110 3691 3281 3758 facta
3324 3693 3503 3780 est)·

509 3795 568 3875 2,
612 3795 756 3860 238.
830 3819 876 3880 9
925 3796 1380 3883 qwnaetlepwyt
1428 3797 1624 3883 qwely
1679 3820 1724 3883 9
1779 3796 1974 3861 ereint
2030 3818 2105 3859 ae
2159 3798 2281 3858 enit
2338 3794 2575 3879 (factus
2622 3803 2722 3859 est
2775 3793 2980 3860 lectus
3024 3794 3339 3883 Gercntio
3396 3805 3484 3862 et

509 3893 776 3981 Enitae)
807 3898 866 3979 2,
900 3899 1000 3962 27.
1089 3895 1298 3962 Praet.
1348 3920 1506 3963 sec.:
1554 3920 1756 3963 arsom
1802 3898 2214 3962 aumathoedit
2240 3897 2409 3962 idaw
2454 3894 2550 3980 (et
2591 3896 3036 3964 contumeliam
3080 3917 3244 3984 quae
3286 3895 3485 3964 facta

509 4009 644 4064 erat
695 3999 785 4082 ei)
828 4000 888 4082 3,
921 3999 1021 4064 90.

691 4101 751 4166 d.
796 4100 1008 4167 Praet.
1054 4109 1294 4166 tantum
1341 4109 1411 4165 ut
1453 4102 1520 4164 in
1565 4101 1811 4166 activo:
1872 4101 2205 4166 kenmzttau
2242 4123 2288 4186 9
2325 4097 2469 4164 mab
2508 4114 2864 4188 aorucpwyt
2906 4100 3099 4188 (mitti
3142 4100 3223 4167 ad
3250 4101 3481 4169 filium

521 4202 756 4270 factum
801 4212 918 4287 est,
964 4203 1144 4270 missi
1189 4204 1384 4290 legati
1430 4204 1511 4269 ad
1553 4203 1783 4288 filium)
1828 4204 2063 4286 2,199.
2113 4226 2157 4289 9
2198 4203 2563 4268 chennattau
2608 4215 2980 4291 aorucpwyt.
3022 4205 3210 4290 dyuot
3259 4229 3487 4271 aomo

513 4307 720 4373 hickeu
763 4306 1061 4392 (missum
1110 4316 1209 4372 est
1251 4306 1333 4370 ad
1379 4327 1539 4387 eam,
1588 4307 1762 4372 venit
1803 4306 1979 4392 ipsa)
2025 4307 2082 4388 2,
2116 4305 2261 4370 218.

679 4409 902 4476 Praes.
947 4432 1107 4476 sec.:
1179 4433 1255 4474 ac
1306 4419 1473 4492 wynt
1525 4430 1597 4473 ae
1640 4419 1881 4494 torrynt
1921 4409 2034 4472 ual
2078 4428 2123 4493 9
2166 4407 2339 4493 dyyit
2380 4415 2584 4470 attunt
2636 4405 2734 4492 (et
2774 4405 2867 4473 illi
2927 4427 3005 4475 ea
3054 4403 3485 4494 fingebant,

515 4511 788 4595 hastilia,
837 4522 907 4577 ut
947 4510 1030 4576 iis
1061 4509 1514 4592 afferebantur)
1547 4511 1737 4591 2,17.
1829 4509 2042 4575 Praet.
2088 4507 2303 4594 prim·
2344 4529 2477 4593 pan
2519 4509 2805 4596 ducpwyt
2841 4533 2887 4596 9
2930 4509 3157 4575 deudec
3192 4517 3497 4598 qustyl

512 4614 686 4696 (cum
733 4613 991 4679 deducti
1037 4623 1186 4679 sunt
1248 4612 1588 4678 duodecim
1632 4611 1925 4696 obsides)
1970 4613 2028 4694 2,
2078 4611 2222 4674 202.
2290 4631 2383 4694 pa
2427 4611 2673 4675 achaws
2719 4635 2765 4698 9
2808 4611 3093 4699 ducpwyt
3126 4634 3300 4698 ywas
3341 4611 3489 4699 ky-

507 4715 833 4802 ieuanylzet
869 4715 1184 4803 quyyhm·
1229 4714 1423 4802 (quae
1469 4736 1666 4779 causa
1708 4713 1877 4800 quod
1924 4714 2180 4792 ductuS,
2240 4720 2527 4797 sumptus
2572 4722 2671 4778 est
2712 4736 2872 4799 puer
2910 4721 3043 4779 tam
3084 4711 3339 4780 iuvenis
3398 4717 3495 4786 iu

512 4816 932 4903 consilium?)
990 4819 1048 4900 2,
1096 4819 1236 4883 391.
1341 4815 1420 4881 Ι11
1474 4815 1617 4882 aliis
1677 4815 1989 4882 interdum
2046 4813 2365 4880 invenitur
2422 4813 2643 4880 eadem
2696 4813 3087 4881 terminatio:
3141 4818 3215 4900 qs
3244 4840 3285 4880 a
3332 4817 3491 4905 dy-

511 4931 788 5004 ι·ιιείξΡη·9ῧ
832 4921 999 4984 zdaw
1043 4921 1251 5003 Ιι9ιιη9
1296 4919 1497 5003 (istud
1545 4919 1778 4984 dictum
1825 4941 1894 4979 ‹25-
1866 4927 1925 4980 <-.·1
1970 4915 2057 5000 ei)
2106 4919 2162 4998 3,
2196 4917 2337 4984 203.
2397 4942 2434 4981 α
2464 4927 2753 5002 wanpmst
2796 4930 2983 5004 vyntu
3028 4915 3493 5005 (perforatum

515 5030 616 5084 est
660 5020 828 5086 latus
874 5020 1114 5104 meum)
1161 5019 1298 5085 Tal.
1344 5042 1534 5086 carm.
1567 5023 1625 5085 5.

678 5121 916 5189 Corn
899 5146 1098 5189 icae
1146 5146 1201 5187 c.
1249 5144 1486 5207 praes·
1547 5143 1689 5186 mar
1731 5145 1813 5204 nu
1857 5143 2016 5185 ‘ew-rer
2056 5145 2098 5202 1!
2139 5123 2298 5204 wml
2304 5146 2335 5185 e
2376 5121 2465 5206 (si
2509 5145 2637 5188 uon
2679 5122 2792 5188 fiet
2836 5122 2975 5190 eius
3019 5085 3331 5201 custodia,
3396 5129 3481 5194 si

506 5247 634 5292 non
682 5226 1075 5292 custodietur
1117 5223 1215 5309 id)
1259 5225 1336 5289 R.
1371 5227 1512 5288 341.
1585 5226 1839 5287 annethe
1882 5246 2060 5289 orons
2100 5245 2143 5310 9
2184 5245 2344 5288 wrer
2385 5224 2498 5307 (ex
2539 5224 2651 5309 iis,
2698 5224 2927 5311 virgis,
2975 5245 3131 5290 crux
3172 5223 3315 5307 fiet)
3374 5227 3499 5298 O
