3717 5642
619 356 742 422 938
785 358 927 419 (915·
950 359 1071 421 916)
1306 354 1421 421 VI.
1466 358 1525 423 2.
1598 372 2074 425 oonsrnucrro
2117 375 2411 425 roanos
2459 374 2855 423 msaanroa.

788 542 1077 606 Alterum
1124 550 1329 607 autem
1376 564 1504 606 non
1550 554 1761 628 potest
1803 546 1932 610 nisi
1975 544 2321 610 secundum
2367 543 2686 629 posterius
2718 541 2869 627 legi,
2919 542 3080 626 quia
3123 541 3326 607 acutis
3355 540 3526 625 sylla-

620 642 721 705 bis
766 644 1245 728 principalibus,
1290 645 1572 727 gravatis
1615 644 2000 729 formativis,
2047 646 2262 734 prodit
2303 646 2370 710 in
2410 644 2584 708 hunc
2624 644 2908 707 modum:

1730 764 1905 829 iahed
1949 768 2036 830 ad
2025 766 2124 847 fet
2165 763 2426 829 abodlaib.

787 880 895 943 An
950 883 1347 963 germanicus
1408 879 1765 965 proferendi
1820 881 2050 947 modus
2114 882 2502 948 concedetur
2544 879 2610 945 in
2653 880 2778 945 hoc
2817 879 3149 947 hibernico
3197 902 3386 945 versu
3427 880 3527 941 fre-

620 980 951 1063 quentiore
994 982 1223 1047 ceteris
1270 992 1333 1046 et
1374 992 1687 1067 aequante
1730 983 1864 1047 fere
1909 984 2340 1069 germanicum
2383 1005 2640 1048 versum
2687 983 3012 1063 usitatum,
3057 992 3129 1047 ut
3170 982 3236 1047 in
3279 980 3528 1065 singulis

571 1114 581 1124 ·
617 1082 916 1148 membris
962 1082 1148 1147 binae
1192 1092 1437 1148 tantum
1481 1083 1768 1168 syllabae
1811 1086 2049 1149 maiore
2091 1095 2360 1150 accentu
2404 1082 2843 1170 proferantur?
2913 1082 3002 1147 Et
3047 1096 3115 1147 ut
3153 1082 3366 1168 possit
3405 1104 3529 1166 pro·

618 1182 932 1247 nuntiari:

1210 1280 1449 1351 Genair
1486 1288 1773 1372 pa'traicc
1814 1289 2165 1352 inndmtkur
2200 1288 2224 1373 Ι*
2257 1288 2429 1352 ish-ed
2469 1286 2645 1367 adfe‘t
2685 1284 2950 1351 iscelaib.

790 1385 1445 1453 Animadvertendum
1492 1401 1619 1470 est,
1678 1389 1993 1454 interdum
2035 1412 2231 1455 voces
2277 1387 2629 1474 bisyllabas
2683 1387 2932 1473 positas
2973 1408 3120 1453 esse
3163 1387 3308 1453 loco
3367 1386 3533 1450 unius

620 1486 913 1571 syllabae
958 1498 1274 1571 gravatae,
1323 1498 1391 1553 ut
1434 1512 1628 1555 voces
1674 1514 1839 1571 acus,
1865 1490 1999 1573 firu
2043 1490 2112 1554 in
2155 1489 2256 1555 his
2303 1486 2780 1555 Benedictionis
2825 1486 3179 1553 Hiberniae
3221 1488 3412 1552 locis:

1532 1614 1678 1655 acus
1722 1591 1847 1654 bith
1892 1591 2160 1657 benndch
2185 1591 2323 1673 firu
2364 1592 2636 1654 τιιάηιαη.

786 1690 980 1775 Apud
1036 1688 1361 1756 Hibernos
1414 1700 1703 1757 vetustos
1761 1701 1825 1756 et
1878 1690 2190 1759 Cambros
2246 1690 2636 1759 constructio
2707 1690 2998 1776 poeticae
3049 1688 3362 1755 orationis
3417 1688 3536 1751 uni-

620 1812 833 1871 versa,
894 1793 1181 1877 exceptis
1238 1792 1617 1877 quibusdam
1670 1816 1835 1880 quae
1893 1805 2042 1859 sunt
2093 1795 2354 1882 propria
2407 1794 2631 1860 horum
2688 1792 2789 1857 vel
2834 1792 3103 1873 illorum,
3161 1803 3264 1857 est
3307 1790 3536 1855 eadem.

618 1894 863 1979 Itaque,
912 1916 1053 1959 cum
1099 1915 1337 1958 morum
1380 1896 1732 1981 priscorum
1778 1917 2027 1981 semper
2069 1897 2466 1963 tenacissimi
2509 1894 2742 1961 fuerint
2797 1892 3004 1959 celtici
3059 1892 3317 1979 populi,
3381 1891 3538 1957 coni·

618 2018 762 2062 cere
816 1996 1000 2075 licet,
1058 2018 1139 2059 ne
1196 1996 1366 2081 apud
1434 2006 1680 2063 veteres
1736 1998 1996 2085 quidem
2053 1996 2380 2065 Gallorum
2435 1996 2715 2063 Druidas
2780 2005 2844 2061 et
2899 1987 3148 2060 Bai-dos
3205 1996 3538 2061 carminum

618 2097 1152 2163 constructionem
1211 2098 1411 2164 fuisse
1468 2100 1805 2165 diversam.
1905 2098 1962 2163 E
2008 2099 2239 2185 quibus
2287 2100 2408 2165 etsi
2455 2099 2709 2163 omnino
2754 2096 2914 2162 nihil
2958 2107 3282 2183 superest,
3341 2108 3540 2161 tamen

618 2199 877 2263 nimium
938 2199 1171 2264 audere
1225 2198 1375 2263 mihi
1432 2221 1562 2264 non
1616 2200 1870 2281 videor,
1917 2200 1973 2265 si
2019 2200 2294 2281 affirmo,
2352 2202 2556 2285 prima
2608 2199 2734 2265 iam
2793 2197 3121 2284 religionis
3167 2198 3543 2263 christianae

617 2310 821 2366 aetate
878 2300 945 2364 in
996 2298 1211 2365 Gallia
1266 2298 1559 2385 gallicam
1614 2300 1786 2366 illam
1842 2303 2191 2367 carminum
2245 2301 2504 2367 formam
2548 2301 2918 2367 translatam
2963 2323 3110 2367 esse
3153 2299 3224 2364 in
3268 2300 3546 2363 carmina

616 2402 979 2495 christiana.
1068 2400 1616 2482 Quemadmodum
1660 2403 1851 2489 igitur
1897 2403 2270 2469 bellatorum
2314 2426 2418 2469 res
2461 2414 2682 2487 gestae
2726 2402 3214 2467 celebrabantur
3258 2423 3298 2465 a
3325 2400 3546 2465 Bai-dis

617 2504 1029 2569 Cambrorum
1076 2504 1461 2575 carminibus
1502 2504 1677 2569 illius
1720 2504 1985 2585 formae,
2050 2526 2214 2590 quae
2276 2504 2637 2571 etiamnunc
2687 2515 2906 2569 extare
2960 2503 3335 2583 creduntur,
3395 2512 3462 2567 et
3515 2526 3548 2565 a

620 2606 844 2671 Bardis
877 2605 1224 2689 Gallorum,
1274 2606 1373 2671 vel
1406 2606 1828 2673 caerimoniae
1860 2631 1898 2671 a
1926 2604 2212 2687 Druidis‚
2257 2608 2348 2671 ita
2377 2605 3135 2691 celebrantur-religionis
3167 2602 3548 2669 christianae

618 2708 921 2793 mysteria
965 2708 1067 2773 vel
1112 2707 1601 2774 christianorum
1644 2718 1986 2793 martyrum
2031 2708 2300 2772 virtutes
2343 2707 2594 2792 hymnis
2641 2706 2928 2771 eiusdem
2969 2706 3232 2772 formae.

784 2808 1009 2894 Itaque
1052 2819 1180 2875 tam
1224 2810 1599 2895 hymnorum
1642 2808 2062 2875 consonantia
2090 2833 2275 2895 quam
2323 2808 2592 2875 aliorum
2623 2808 2971 2874 carminum
2997 2808 3358 2888 latinorum,
3393 2832 3546 2894 quae

618 2934 653 2976 e
706 2912 1102 2997 temporibus
1158 2912 1435 2978 labantis
1488 2912 1738 2997 imperii
1796 2910 2065 2976 Romani
2119 2912 2221 2977 vel
2270 2912 2338 2976 in
2382 2921 2552 2976 terra
2593 2902 2958 2976 continenti*
2987 2908 3290 2995 Europae
3337 2911 3444 2975 vel
3489 2912 3545 2973 in

616 3012 930 3078 Hibernia
988 3024 1137 3079 sunt
1198 3014 1579 3098 composita,
1636 3024 1784 3079 ante
1837 3015 2253 3100 proponenda
2295 3025 2422 3094 est,
2479 3035 2665 3099 quam
2728 3012 2921 3077 liceat
2979 3012 3280 3098 progredi
3337 3012 3422 3077 ad
3464 3012 3548 3077 hi·

616 3114 886 3182 bernica
934 3116 1231 3180 carmina.

1585 3374 1635 3436 l.
1711 3370 2260 3438 Consonantia
2311 3370 2580 3437 latina.

788 3570 853 3641 S.
904 3572 1335 3655 Ambrosium,
1382 3574 1753 3659 episcopum
1804 3572 2388 3654 Mediolanensem,
2433 3572 2498 3636 in
2545 3570 2764 3639 Gallia
2806 3581 3018 3637 natum
3067 3572 3157 3655 (a.
3203 3574 3349 3648 333,
3399 3573 3550 3638 obiit

618 3696 673 3738 a.
720 3675 903 3755 397),
966 3673 1175 3739 cultus
1222 3674 1422 3739 divini
1468 3676 1706 3759 publici
1750 3675 2046 3759 hymnis,
2095 3674 2462 3761 antiphonis
2507 3684 2628 3739 etc.
2677 3674 3048 3739 celebrandi
3095 3674 3362 3759 primum
3409 3698 3552 3738 auc·

620 3784 819 3840 torem
852 3776 1055 3841 fuisse
1100 3778 1237 3841 eius
1284 3776 1569 3841 notarius
1602 3776 1914 3842 Paulinus
1958 3776 2150 3841 refert
2191 3776 2271 3841 ad
2317 3774 2382 3842 S.
2433 3775 2868 3859 Augustinum
2911 3773 3246 3860 (Append.
3279 3775 3376 3839 ad.
3411 3798 3550 3860 opp.

620 3875 683 3943 S.
748 3876 1044 3941 AmbroS.
1105 3879 1203 3941 ed.
1252 3878 1522 3957 Bened.,
1569 3878 1774 3943 Paris.
1826 3882 2022 3959 1690,
2073 3903 2132 3964 p.
2179 3878 2333 3959 IV):
2404 3868 2527 3940 “eo
2574 3877 2903 3941 Ambrosii
2943 3887 3232 3959 tempore
3291 3876 3554 3961 primum

620 3978 1036 4061 antiphonae,
1100 3978 1313 4063 hymni
1372 4001 1448 4043 ac
1507 3977 1765 4061 vigiliae
1824 3978 1890 4042 in
1949 3978 2228 4043 ecclesia
2281 3977 2750 4045 Mediolanensi
2821 3977 3128 4042 celebrari
3189 3988 3552 4061 coeperunt.

619 4079 799 4144 cuius
845 4079 1233 4145 celebritatis
1279 4080 1531 4143 devotio
1564 4101 1767 4164 usque
1797 4080 1864 4143 in
1893 4078 2272 4145 hodiernum
2304 4079 2467 4144 diem
2499 4102 2628 4143 non
2660 4076 2864 4143 solum
2895 4078 2962 4142 in
3005 4070 3226 4144 ead'em
3257 4076 3550 4143 ecclesia.

619 4203 838 4245 verum
884 4202 1001 4265 per
1044 4202 1265 4245 omnes
1309 4203 1517 4266 paene
1562 4181 1916 4246 occidentis
1962 4182 2330 4267 provincias
2375 4170 2638 4244 manet.'‘

790 4280 1025 4367 Hymni
1070 4282 1133 4346 S.
1180 4282 1505 4348 Ambrosii
1548 4292 1918 4347 tetrametro
1976 4280 2291 4347 iambico*
2335 4279 2673 4365 compositi
2717 4290 2895 4359 sunt,
2943 4279 3062 4345 sed
3105 4276 3356 4345 accedit
3405 4299 3552 4341 usus

624 4440 798 4447 -—-—--
851 4440 1025 4445 ——..--

754 4504 779 4529 *
816 4503 889 4554 De
944 4505 1105 4554 metro
1157 4502 1305 4553 iuxta
1340 4503 1729 4554 consonantiam
1784 4500 2017 4554 adhibito
2062 4502 2120 4553 in
2162 4500 2228 4553 iis
2277 4499 2486 4566 hymnis
2531 4499 2674 4553 Beda
2719 4499 2961 4567 disputat
3005 4500 3062 4552 in
3111 4498 3284 4551 libello
3331 4498 3396 4549 de
3449 4504 3554 4549 arte

618 4573 832 4624 metrica
876 4570 971 4633 (ed.
1020 4570 1176 4622 Basil.
1218 4575 1261 4631 1,
1301 4572 1421 4633 56)=
1478 4570 1711 4621 ‘Mettum
1762 4570 2040 4622 iambicum
2079 4572 2432 4621 tetrametrum
2467 4568 2652 4636 recipit
2686 4567 2913 4619 iambum
2951 4567 3078 4620 locis
3110 4567 3363 4626 omnibus,
3403 4582 3548 4632 spon-

617 4640 768 4692 deum
816 4642 1017 4690 tantum
1056 4638 1179 4691 locis
1214 4638 1529 4705 imparibus,
1574 4654 1676 4706 quo
1722 4638 1949 4706 scriptus
1985 4642 2064 4690 est
2098 4638 2324 4705 hymnus
2360 4634 2584 4688 Sedulii:
2645 4636 2690 4687 A
2725 4636 2846 4687 solis
2879 4640 2998 4688 ortu
3033 4636 3243 4687 cardine
3289 4638 3382 4685 etc.
3457 4634 3550 4683 Sevi

617 4713 670 4761 et
720 4707 1047 4761 Ambrosiani
1099 4723 1159 4761 eo
1202 4708 1426 4759 maxime
1470 4710 1710 4769 currunt,
1749 4748 1760 4760 .
1798 4748 1809 4759 .
1854 4708 1908 4759 in
1944 4706 2135 4775 quibus
2181 4705 2526 4772 pulcherrimo
2569 4707 2650 4755 est
2691 4703 2872 4757 decore
2915 4704 3230 4772 compositus
3281 4703 3552 4768 hymnus

620 4778 961 4829 beatorum
1000 4780 1382 4840 martyrum,
1419 4775 1567 4826 cuius
1604 4776 1715 4827 loca
1748 4776 1968 4843 imparia
1999 4774 2277 4843 spondeus„
2315 4774 2512 4825 iambus
2550 4776 2689 4824 tenet
2759 4774 2884 4825 aria.
2963 4772 3170 4841 Recipit
3205 4772 3299 4823 hoc
3337 4775 3550 4821 metrum

616 4845 912 4911 aliquoties,
958 4850 1017 4895 ut
1052 4844 1231 4896 scribit
1276 4844 1478 4895 Mallius
1512 4842 1835 4902 Theodorus,
1889 4845 2044 4895 etiam
2095 4842 2427 4909 tribrachyn)
2501 4840 2628 4893 Tam
2679 4840 2728 4893 al
2751 4842 2980 4895 itteratio
3014 4844 3162 4893 iuxta
3199 4839 3418 4892 latinum
3457 4854 3548 4889 me·

620 4918 755 4965 trum
792 4928 947 4981 quam
983 4912 1321 4965 consonantia
1354 4910 1525 4964 finalis
1541 4950 1554 4972 ,
1590 4912 1851 4965 interdum
1889 4914 2043 4965 etiam
2083 4912 2266 4975 media,
2301 4911 2578 4965 adhibetur
2615 4927 2645 4963 a
2679 4910 2842 4964 Gallis
2876 4910 3108 4963 eiusdem
3143 4907 3330 4961 aetatis
3375 4906 3550 4974 poi-tia

620 4985 681 5033 ut
717 4981 964 5045 Ausonis,
1000 4982 1053 5033 in
1088 4982 1247 5051 epigr.
1290 4987 1345 5032 1:

1220 5064 1422 5117 Phoebe
1451 5065 1461 5129 1
1492 5069 1675 5132 potens
1712 5066 1956 5128 numeris,
1988 5070 1996 5129 Ι
2027 5080 2226 5132 praeses
2260 5063 2496 5116 Tritonia
2533 5063 2695 5125 bellis,

1225 5133 1305 5185 Tu
1340 5148 1546 5202 quoque
1582 5134 1648 5185 ab
1684 5134 1821 5187 aerio
1852 5139 1863 5199 Ι
1891 5148 2100 5203 praepes
2139 5133 2375 5185 Victoria
2409 5132 2580 5199 lapsu,
