3717 5642
953 377 1065 442 IV.
1111 379 1168 464 3.
1235 391 1778 442 conmucnomts
1821 389 2299 440 snrrAuchn.
2602 375 2743 438 (694·
2767 375 2890 438 695)
2960 377 2996 438 7
3002 375 3083 440 33

195 575 326 628 tura
361 563 538 630 trium
565 563 918 648 hominnm)
965 563 1112 644 237,
1145 565 1202 626 ⁶2.
1291 561 1562 648 Utrique
1603 561 1840 626 formae
1884 559 2053 624 sicut
2078 557 2661 644 praepositionibus
2707 558 3085 645 suffiguntur

197 664 544 748 pronomina
585 663 981 751 personalia:
1027 688 1153 749 naq
1195 688 1268 728 us
1308 663 1418 728 ken
1463 664 1571 726 dev
1601 683 1806 748 ayesos
1849 659 2049 747 (quod
2094 683 2223 725 non
2270 669 2371 726 est
2411 660 2573 728 alius
2620 661 2777 726 deus
2815 660 2942 726 nisi
2982 660 3081 743 tu)

195 765 264 829 R.
291 767 460 830 2477.
519 765 628 828 ken
671 765 882 831 arlvzli
924 787 1126 850 aqesso
1168 767 1240 844 ef
1270 788 1396 850 nyn
1433 764 1741 850 yorthyos
1770 760 1991 846 (alium
2022 763 2341 827 dominum
2383 763 2509 828 nisi
2553 763 2729 827 illum
2770 785 2899 826 non
2931 761 3081 827 ado-

191 869 355 952 rabo)
401 865 478 934 Ο.
515 867 692 932 1789.
759 867 872 930 ken
913 867 1214 952 aqesouqk
1255 865 1468 949 (aliter
1513 887 1587 929 ac
1629 863 1796 947 vos),
1841 863 1951 928 ken
1996 865 2295 950 aqesouqlz
2340 865 2471 946 why
2515 863 2653 948 (alii
2702 885 2887 948 quam
2934 863 3081 946 vos)

192 967 262 1032 Ο.
299 970 473 1034 2357.
520 969 703 1034 2490.
773 991 817 1053 y
841 968 1106 1052 jjvnnas
1129 991 1206 1052 ry
1248 987 1372 1032 mos
1413 967 1578 1052 pella
1621 965 1834 1050 eaouyh
1883 965 2061 1050 (volo
2107 987 2225 1051 ego
2266 965 2360 1030 ire
2404 964 2655 1050 longius
2702 987 2889 1050 quam
2932 964 3081 1047 vos)

193 1069 258 1134 R.
287 1071 454 1135 1299.

331 1171 806 1236 Aremorica
856 1171 1172 1256 particula
1223 1168 1516 1236 comicae
1567 1168 1965 1255 respondens
2011 1164 2278 1232 EGET:
2348 1167 2513 1251 quel!
2563 1189 2633 1230 ve
2686 1168 2795 1250 dzjt'
2826 1168 3093 1232 memen-

189 1274 285 1357 hep
333 1273 498 1338 della
553 1285 727 1360 equet
787 1275 940 1336 drea
993 1283 1192 1336 sceurt
1249 1271 1322 1336 lic
1372 1269 1629 1354 acuitaff
1687 1267 1947 1353 (melius
2002 1279 2175 1334 esset
2230 1267 2379 1332 mihi
2438 1269 2595 1332 mori
2648 1270 2786 1334 sine
2846 1269 3079 1334 delicto

190 1395 352 1459 quam
395 1373 517 1439 hoc
559 1374 746 1440 modo
788 1375 949 1440 iram
993 1369 1394 1455 contrahere)
1449 1369 1610 1434 Buh.
1652 1371 1753 1450 40,
1798 1371 1856 1436 8.
1926 1391 2073 1456 may
2134 1382 2307 1456 θρασύ
2360 1391 2432 1433 en
2474 1373 2785 1435 eroeadm·
2842 1371 3079 1457 (magis

193 1495 354 1558 qnam
394 1475 462 1540 in
508 1476 828 1560 creatura)
870 1473 1004 1540 MJ.
1037 1475 1116 1538 27
1132 1497 1190 1539 a.
1245 1485 1432 1557 quent
1472 1485 1640 1559 equeb
1683 1496 1766 1537 an
1795 1474 1906 1537 dez
1952 1471 2162 1559 (prius
2208 1494 2393 1557 quam
2427 1471 2599 1556 dies)
2644 1475 2839 1538 218a.
2894 1487 3081 1558 quent

187 1587 332 1658 φησι
369 1587 594 1640 tremere
637 1579 746 1641 dez
782 1597 1012 1663 quenet-
1054 1577 1452 1662 (priusquam
1495 1575 1866 1661 praeteribit
1906 1575 2045 1640 dies
2090 1573 2393 1656 Veneris)
2439 1573 2588 1639 80a.
2643 1576 2809 1659 quell
2848 1599 2921 1639 eu
2958 1597 3079 1662 pep

187 1676 398 1758 quentel
421 1678 736 1742 mdaelez
779 1677 1074 1764 equetfez
1104 1677 1360 1762 (melior
1403 1686 1576 1742 esset
1605 1687 1776 1742 certo
1806 1676 2059 1741 bonitas
2106 1697 2293 1760 quam
2320 1674 2550 1758 facies)
2589 1677 2705 1740 107
2722 1677 2778 1740 b.
2850 1676 3081 1743 Forma

187 1787 515 1843 contracta:
561 1789 852 1864 muyquet
892 1779 1008 1840 den
1051 1801 1122 1841 az
1165 1778 1543 1864 disqm'blyen
1587 1777 1820 1863 (magis
1865 1798 2051 1862 quam
2096 1777 2429 1862 quisquam
2476 1797 2511 1840 e
2556 1776 2889 1862 discipulis
2918 1779 3079 1861 tuis)

189 1879 262 1940 57
273 1879 324 1942 b.
385 1891 672 1964 muyquet
723 1880 839 1944 den
891 1890 1088 1944 cet-ten
1139 1901 1256 1965 nep
1297 1879 1452 1964 heny
1509 1877 1741 1964 (magis
1785 1901 1975 1965 quam
2027 1878 2212 1943 homo
2266 1888 2443 1942 certo
2501 1878 2866 1964 quisquam)
2927 1880 3075 1943 932.

181 2001 296 2062 pan
331 1993 464 2046 vent
495 2003 542 2066 y
581 1991 872 2066 mnyyuet
907 1980 1147 2066 yabm‘el
1191 1979 1466 2064 (etiamsi
1511 1981 1604 2046 illi
1651 1991 1871 2047 essent
1910 1981 2183 2046 maiores
2230 2000 2413 2064 quam
2460 1978 2576 2062 G.)
2624 1981 2739 2044 187
2760 1981 2819 2046 1).
2905 1981 3079 2046 Ante

191 2081 342 2146 verbi
382 2081 618 2148 formas
663 2103 801 2147 cnm
831 2081 1198 2167 negatione:
1245 2083 1398 2146 hoaz
1439 2105 1533 2146 me
1561 2106 1600 2145 α
1625 2105 1787 2168 yray
1811 2134 1825 2149 .
1854 2134 1870 2148 .
1900 2133 1913 2146 .
1946 2103 2095 2166 muy
2136 2105 2179 2146 a
2206 2102 2361 2144 reum
2402 2092 2572 2164 eyuet
2610 2105 2877 2146 nameus
2901 2095 3082 2170 yraet

185 2181 380 2264 (etiam
419 2183 570 2270 plus
615 2184 764 2249 mali
806 2185 1032 2250 faciam
1077 2204 1266 2268 quam
1309 2183 1462 2268 feci)
1513 2185 1702 2249 ll9b.

333 2283 558 2350 Eidem
602 2285 768 2351 sicut
811 2284 1106 2350 col-nicae
1151 2285 1582 2352 coniunctioni
1629 2285 2011 2370 snffiguntnr
2054 2283 2433 2370 pronomina
2460 2285 2850 2370 personalia:
2898 2298 3081 2371 quent

185 2387 512 2470 cynedofme
565 2386 774 2474 (prius
819 2409 1008 2474 quam
1053 2386 1202 2472 ego)
1256 2385 1390 2452 MJ.
1436 2389 1515 2452 35
1531 2387 1592 2453 b.
1635 2389 1714 2454 37
1729 2389 1787 2452 b.
1858 2386 2137 2450 brassoclz
2190 2409 2231 2450 a
2268 2407 2387 2471 pep
2430 2397 2493 2450 tu
2536 2387 2797 2472 equetoff
2851 2387 3082 2471 (maior

187 2487 460 2572 undique,
507 2489 802 2554 omnibns
843 2489 1142 2569 numeris,
1188 2511 1378 2573 quam
1421 2488 1573 2574 ego)
1614 2485 1778 2553 Buh.
1813 2489 1912 2569 74,
1944 2489 2045 2553 23.
2100 2509 2177 2552 ne
2206 2488 2383 2571 caffet
2424 2500 2565 2572 quet
2602 2489 2767 2573 quell
2807 2488 3084 2574 equedoff

186 2587 328 2670 (non
365 2589 730 2656 inveniatur
771 2590 993 2655 melior
1038 2590 1166 2673 me)
1209 2590 1311 2670 84,
1342 2592 1402 2655 4.
1479 2589 1758 2654 brassooh
1799 2611 1937 2653 vero
1978 2601 2079 2654 net
2120 2591 2369 2673 equedot
2424 2588 2654 2672 (maior
2698 2589 2817 2653 erit
2856 2610 3081 2654 revera

184 2711 348 2774 qnam
385 2689 488 2774 tn)
533 2692 634 2772 88,
673 2693 768 2756 19.

329 2789 452 2856 Pro
497 2793 722 2859 eadem
763 2802 972 2858 tamen
1019 2791 1219 2877 (sicut
1260 2792 1482 2877 hodie)
1525 2793 1842 2858 interdum
1888 2791 2292 2858 substituitur
2320 2792 2709 2879 praepositio
2739 2794 2883 2858 ecit:
2924 2815 3079 2879 ροσε

185 2905 340 2977 eqayt
374 2893 482 2978 [vl.
514 2892 682 2980 euyt]
731 2915 840 2958 con
885 2893 1166 2980 (peiores
1213 2916 1400 2982 qnam
1429 2895 1652 2980 canes)
1695 2893 1832 2959 MJ.
1866 2894 1991 2958 234
2009 2897 2065 2960 b.
2118 2916 2267 2978 musy
2308 2896 2578 2981 eqm'doff
2616 2893 2846 2977 (maior
2888 2915 3079 2978 quam

185 2995 314 3078 ego)
351 2995 514 3060 Buh.
550 2996 650 3076 78,
687 2999 782 3060 11.

327 3099 366 3160 i.
434 3095 690 3161 AMAL
725 3095 846 3179 (nt,
882 3099 1076 3179 sicut3
1125 3097 1252 3163 hib.
1285 3097 1486 3182 amal)
1529 3098 1592 3161 in
1625 3121 1751 3162 uno
1785 3096 2077 3182 exemplo
2104 3099 2315 3162 camb
2334 3098 2503 3162 rico
2550 3107 2861 3162 servatur:
2909 3099 3081 3162 amal

183 3197 528 3261 iter-cludant
569 3197 682 3282 (gl.
731 3208 802 3262 nt
844 3201 1160 3286 subigant,
1205 3199 1446 3283 cernis)
1491 3197 1609 3265 Cb.
1653 3201 1752 3264 32.
1843 3197 2185 3264 Praeterea
2227 3221 2479 3284 semper
2520 3199 2838 3265 invenitur
2878 3199 3079 3266 forma

182 3307 400 3363 curtata
427 3297 640 3379 MAL,
673 3300 802 3364 iam
831 3302 896 3366 in
929 3303 1200 3367 vetustis
1231 3301 1446 3366 finium
1479 3300 2013 3386 descriptionibus
2043 3309 2113 3364 ut
2138 3299 2206 3363 in
2232 3299 2306 3363 L.
2332 3299 2565 3366 Land.:
2611 3301 2885 3366 maliduc
2914 3300 2984 3385 (i.
3020 3325 3075 3366 e.

76 3389 78 3446 ἶ
181 3398 346 3460 nauli
386 3399 526 3478 duc,
576 3409 646 3464 ιιι
689 3401 880 3482 ducit,
928 3403 1182 3484 fluvius,
1229 3403 1408 3468 lacus
1455 3411 1596 3481 etc„
1647 3403 1684 3466 i.
1734 3424 1786 3467 e.
1835 3401 2187 3467 secundum
2230 3402 2660 3486 fluviumetc.)
2704 3402 2791 3488 fq.
2848 3425 2923 3466 ao
2968 3403 3079 3466 nal

177 3521 212 3580 y
247 3523 366 3565 mae
391 3501 658 3586 mynyck
699 3502 797 3586 (et
823 3513 896 3567 ut
919 3505 994 3569 fit
1021 3503 1248 3589 saepe)
1293 3503 1464 3570 Mab.
1503 3506 1556 3582 1,
1587 3505 1730 3569 235.
1804 3503 2079 3590 Saepius
2122 3502 2499 3569 transfertur
2540 3503 2619 3568 ad
2652 3503 3070 3588 significatio-

76 3653 78 3682 .
181 3621 302 3666 nem
337 3604 646 3688 temporis
689 3602 789 3686 (ut
831 3627 972 3671 cum
1017 3605 1171 3692 perf.
1217 3603 1410 3688 ind.)‚
1467 3604 1838 3689 praesertim
1882 3605 1949 3668 in
1992 3604 2261 3672 formula
2300 3605 2613 3692 frequenti
2660 3627 2735 3669 ao
2775 3606 2915 3684 nal,
2960 3627 3075 3670 no·

181 3723 295 3766 vam
333 3705 720 3770 narrationis
763 3717 1002 3791 partem
1045 3705 1408 3785 inchoante,
1453 3706 1520 3768 in
1549 3702 1755 3769 Mab.:
1814 3727 1888 3769 ae
1930 3705 2043 3769 nal
2076 3709 2165 3792 μά
2204 3707 2315 3771 oed
2356 3706 2669 3770 walohmei
2708 3707 3076 3770 dabam-namt

76 3841 78 3844 >
187 3851 234 3866 ..
270 3805 535 3891 ,edryoh
579 3826 772 3870 aomo
821 3807 918 3891 (et
968 3829 1106 3872 cum
1153 3817 1326 3872 esset
1366 3805 1470 3872 W.
1519 3805 1860 3891 aliqnando
1898 3857 1913 3872 .
1941 3857 1985 3886 .‚
2014 3806 2231 3890 vidit),
2300 3829 2373 3871 ac
2413 3808 2526 3872 ual
2572 3809 2663 3892 yd
2712 3807 2825 3871 oed
2877 3809 3074 3870 owein

183 3904 520 3970 mamam
557 3927 645 3990 yn
676 3905 874 3991 bwyta
901 3957 914 3970 .
940 3957 954 3972 .
984 3956 998 3970 .
1028 3908 1269 3984 naohaf
1301 3928 1556 3990 nom-yn
1595 3928 1682 3990 yn
1713 3907 1901 3990 clyuot
1944 3907 2116 3992 (cnm
2148 3919 2357 3974 autem
2406 3918 2579 3975 esset
2608 3907 2687 3974 O.
2734 3907 3075 3994 aliquando

183 4027 404 4089 cenans,
453 4027 610 4072 ecce
649 4007 865 4093 puella
895 4008 1190 4093 veniens)
1238 4011 1292 4089 1,
1326 4009 1427 4072 21.
1459 4009 1558 4074 26.
1645 4007 1890 4073 Eadem
1932 4031 2079 4074 cum
2111 4010 2515 4076 coniunctivo
2559 4010 2651 4094 (π
2684 4008 2791 4074 lat.
2822 4008 2955 4093 ut):
3002 4032 3077 4071 ac

182 4111 280 4172 mal
299 4133 342 4193 y
369 4109 633 4174 crettoch
675 4109 812 4172 doec
850 4133 936 4172 vn
979 4131 1058 4172 ar
1083 4111 1347 4194 uyndwy
1387 4111 1640 4194 ysquyd
1677 4111 1706 4171 i
1725 4133 1873 4194 yma
1916 4109 2240 4174 ohonawch
2283 4112 2379 4196 (et
2420 4119 2490 4174 ιιι
2517 4110 2811 4188 credatis,
2859 4109 3077 4174 veniat

185 4233 314 4277 nnus
365 4211 434 4275 in
487 4231 746 4275 umeros
800 4232 976 4276 meos
1030 4209 1154 4275 huc
1210 4235 1244 4276 e
1302 4211 1513 4289 vobis3
1567 4241 1635 4264 =
1688 4233 1879 4275 arem.
1922 4233 2085 4292 maz,
2142 4233 2312 4276 corn.
2363 4211 2537 4296 may)
2596 4209 2769 4275 Mab.
2821 4211 2880 4289 2,
2927 4211 3070 4275 234.

183 4313 280 4374 mal
321 4335 366 4395 y
415 4311 614 4398 yallei
660 4333 816 4395 yrru
872 4312 1100 4375 Iletritlz
1151 4313 1470 4375 arnadtmt
1521 4312 1670 4376 abac
1725 4311 1825 4395 (nt
1870 4320 2089 4397 posset
2141 4311 2433 4377 conicere
2491 4312 2825 4397 imaginem
2884 4333 3077 4397 super

185 4431 267 4476 eos
303 4423 368 4478 et
407 4409 848 4496 simulacrum)
887 4413 947 4493 2,
979 4413 1122 4477 214.

317 4513 564 4582 Contra
621 4514 844 4580 eadem
902 4515 1002 4580 vis
1061 4515 1494 4601 comparativa
1548 4513 1720 4580 inest
1759 4515 1828 4579 in
1871 4513 2211 4582 MEGYS:
2282 4518 2333 4578 ti
2383 4514 2573 4598 owely
2620 4525 2819 4598 μεῖναι
2874 4537 3074 4599 meqyae

188 4615 440 4701 ‹iffi-yrun
481 4637 686 4680 mator
730 4615 1010 4700 (videbis
1052 4614 1384 4701 planitiem
1427 4625 1498 4680 ut
1525 4637 1819 4702 magnam
1850 4616 2113 4700 vallem)
2156 4615 2329 4682 Mab.
2368 4620 2420 4699 1,
2454 4619 2513 4681 7.
2585 4613 2687 4681 De
2718 4616 2843 4680 alio
2883 4615 3069 4680 huius

189 4717 620 4783 coniunctionis
663 4739 785 4783 usu
823 4715 954 4782 vid.
989 4739 1183 4805 snpra
1221 4741 1283 4804 p.
1317 4718 1460 4783 730.

313 4819 544 4887 Corn.
579 4817 852 4884 AVEL:
899 4817 1058 4882 avell
1099 4819 1188 4883 du
1211 4842 1254 4904 y
1267 4819 1514 4906 seth-yth
1553 4841 1746 4905 yurys
1786 4819 1987 4901 (sicut
2016 4819 2175 4884 dens
2202 4818 2353 4903 fies)
2380 4818 2454 4884 P.
2485 4819 2545 4898 6,
2576 4819 2635 4882 4.
2693 4816 2827 4880 avel
2867 4815 3071 4880 brath-

189 4915 266 4984 ken
300 4945 426 5008 aya
469 4924 630 5007 <lym
675 4932 810 4984 mo
849 4943 894 5006 y
937 4943 976 4984 a
1013 4919 1326 5005 theskerny
1369 4920 1568 5004 (sicut
1597 4921 1859 4986 molossi
1905 4943 2056 4986 suos
2088 4921 2311 4985 dentes
2353 4920 2659 4986 adversus
2704 4939 2843 4982 eum
2872 4917 3073 4982 nuda-

191 5015 330 5107 bant)
369 5025 472 5104 96,
501 5023 564 5087 3.
612 5023 822 5109 pedyr
864 5023 964 5086 est
1006 5047 1046 5084 a
1089 5021 1298 5107 bolyon
1337 5020 1496 5084 abeli
1535 5023 1669 5086 avel
1709 5045 1794 5086 un
1837 5022 2039 5087 ownek
2090 5021 2351 5104 (Petrus
2396 5019 2540 5085 Chr.
2588 5027 2843 5084 secutus
2890 5027 2991 5084 est
3034 5041 3068 5084 e

187 5117 491 5212 longinquo
537 5134 609 5189 nt
648 5123 944 5208 timidus)
989 5125 1088 5204 77,
1121 5123 1180 5187 2.
1249 5146 1294 5209 y
1324 5122 1562 5208 fisenqk
1597 5145 1686 5207 yn
1727 5124 1989 5208 mrredy
2042 5147 2129 5209 yn
2170 5145 2327 5186 vrna
2370 5123 2504 5188 uvel
2543 5124 2760 5186 dewow
2806 5121 3070 5205 (essetis
