3717 5642
921 402 1035 470 IV.
1081 404 1141 469 2.
1210 422 1783 473 emrosnmims
1826 420 2303 473 nm‘rmmcan.
2614 406 2752 471 (⁶41·
2776 407 2898 471 63²)
2963 406 3086 472 675

164 587 495 675 iudicium)
538 588 617 659 L.
645 588 851 657 Laud.
894 590 1106 677 privil.
1152 614 1215 678 p.
1253 591 1400 673 1133
1470 593 1695 660 eodem
1730 592 1952 663 nescio
1997 616 2082 661 an
2119 592 2437 681 pertineat
2475 592 2624 657 dam
2666 592 3089 678 (cona-actum

167 690 325 757 sicut
366 689 435 755 in
480 691 748 779 comp.):
790 697 887 759 mi
924 716 1029 758 am
1053 695 1257 779 franc
1298 696 1447 759 dam
1490 716 1576 759 an
1616 694 1859 779 calaur,
1903 700 1996 762 mi
2037 716 2142 761 am
2167 696 2372 780 franc
2415 695 2564 761 dam
2605 718 2690 759 αη
2722 694 2895 781 patel
2935 696 3089 782 (ego

168 806 225 861 et
263 818 427 879 puer
470 817 649 861 meus
693 784 867 861 cinca
906 795 1279 878 caldariam,
1323 794 1623 882 patellam
1666 796 1982 881 nostram)
2028 819 2217 863 carm.
2253 796 2370 866 Cb.
2441 822 2486 884 y
2529 820 2634 864 am
2687 820 2720 863 e
2762 796 2980 883 dyekyl
3017 820 3094 863 ac

167 900 243 981 qs,
276 922 321 983 y
364 921 471 965 am
514 909 657 963 etan
696 920 769 962 ac
810 898 889 983 es
916 898 1029 982 (de
1058 897 1231 963 circa
1270 918 1574 979 mensam,
1618 898 1851 985 ignem,
1890 922 2046 965 -cum
2089 921 2198 981 eo·
2243 899 2286 967 i.
2319 922 2374 965 e.
2408 900 2748 1019 oppositus
2793 900 2852 966 ei
2895 899 3093 965 inter-

166 1000 370 1065 media
408 1021 661 1082 mensa,
706 999 889 1085 igne)
918 999 1075 1085 Leg.
1113 1004 1167 1080 1,
1199 1001 1257 1081 6,
1294 1002 1359 1080 13
1404 1000 1725 1067 recentius
1770 1002 2051 1067 oddizam
2097 1002 2356 1065 oddiam
2398 1005 2470 1068 ai
2495 1002 2697 1067 draed
2735 1001 2806 1084 (ff
2840 1002 2952 1087 (de
2979 1024 3092 1089 pe-

170 1102 345 1167 dibus
390 1100 597 1182 illius,
656 1100 865 1167 soluta
907 1110 1006 1167 est
1048 1101 1301 1186 catena)
1344 1049 1517 1169 ’Mala
1568 1104 1625 1183 3,
1659 1104 1803 1169 345.
1869 1102 1978 1188 hyt
2017 1126 2122 1167 am
2162 1103 2400 1169 bonnet·
2443 1101 2602 1190 bwyt
2643 1103 2878 1191 (usque
2923 1102 3095 1171 circa

168 1204 437 1269 medium
466 1203 741 1289 prandii,
786 1194 1049 1269 nullum
1076 1204 1341 1269 verbum
1370 1201 1638 1287 dictum)
1674 1206 1729 1285 1,
1762 1206 1821 1269 5.
1876 1204 1984 1289 hm
2019 1226 2126 1291 ym
2170 1205 2286 1269 ach,
2325 1226 2469 1269 mur
2512 1204 2816 1293 kaerloyw
2860 1206 3094 1293 (usque

170 1308 331 1373 circa
370 1327 593 1373 muros
639 1304 749 1389 C.)
794 1306 854 1387 2,
886 1306 1031 1371 234.
1089 1306 1387 1392 dynaesau
1422 1306 1615 1390 parth
1654 1331 1732 1372 ao
1769 1328 1894 1392 gyno
1935 1306 2064 1369 dan
2099 1328 2207 1391 ψη
2249 1308 2584 1395 aramme
2623 1306 2779 1373 obell
2831 1307 3096 1393 (appro-

170 1410 563 1495 pinquabant
590 1428 817 1473 versus
850 1428 987 1472 eam
1016 1414 1259 1493 partem
1302 1430 1505 1495 usque
1548 1410 1723 1475 circa
1752 1408 2366 1475 animadversionem
2411 1432 2450 1475 e
2473 1410 2848 1496 longinque,
2892 1409 3096 1476 donec

168 1510 737 1577 animadverterent
778 1509 1025 1597 procu13
1072 1510 1353 1576 notanda
1392 1510 1499 1577 hic
1540 1511 1741 1579 forma
1782 1512 1914 1575 dan
1952 1532 2078 1595 ψη,
2125 1532 2320 1597 supra
2358 1512 2623 1596 ymdan)
2667 1512 2730 1595 2,
2765 1511 2910 1577 236.

328 1612 829 1679 Pronominibus
874 1611 1123 1679 suffixis
1168 1632 1423 1699 semper
1464 1613 1791 1699 praecedit
1830 1612 2102 1679 formula
2145 1612 2504 1699 composita
2530 1614 2784 1697 amdan,
2823 1610 3094 1699 ymdan:

170 1716 311 1781 dodi
354 1716 544 1802 ymbe
589 1714 758 1779 ‹zv-all
798 1714 1117 1797 amdanaf
1165 1712 1459 1797 (induere
1504 1716 1696 1781 aliam
1737 1722 1982 1781 vestem
2027 1715 2264 1781 circum
2304 1738 2408 1781 me
2423 1765 2442 1797 ,
2499 1714 2875 1802 coeperunt)
2917 1712 3128 1813 Mab„

178 1823 229 1901 l,
269 1822 329 1883 4.
410 1817 733 1904 nfflonaetk
782 1838 827 1901 y
865 1836 999 1902 ρων
1036 1814 1358 1899 ymdanafi
1408 1837 1443 1880 o
1484 1818 1745 1881 vawred.
1800 1817 2068 1902 kymeint
2119 1817 2531 1912 amlcqrckaru
2585 1817 2749 1901 (non
2788 1813 2944 1881 fecit
3001 1814 3100 1881 vir

172 1921 335 1987 circa
380 1942 483 1985 me
527 1929 805 1999 tantum,
860 1938 992 1983 non
1034 1915 1187 1983 fecit
1227 1938 1327 1983 me
1370 1917 1559 2001 tanti,
1616 1928 1688 1983 ut
1736 1941 1841 1984 me
1887 1919 2174 2006 caperet)
2233 1923 2288 2001 1,
2336 1920 2434 1985 10.
2504 1918 2718 2003 kymer
2769 1918 3022 2004 diqmn
3063 1937 3098 1980 o

179 2045 367 2086 arueu
408 2021 715 2107 ymdanat
756 2021 967 2100 (sume
1010 2020 1169 2085 satis
1213 2041 1523 2085 almorum
1570 2020 1811 2087 circum
1854 2020 1952 2105 te)
2001 2026 2053 2104 1,
2087 2023 2230 2087 259.
2290 2022 2475 2107 qwn‘sc
2513 2023 2821 2108 ymdanat
2875 2019 3102 2104 (indue

174 2138 381 2194 vestes
429 2126 669 2193 circum
709 2122 805 2207 te)
849 2123 908 2203 2,
951 2122 1053 2187 35.
1128 2122 1441 2207 aquwydi
1474 2126 1689 2207 qeireu
1724 2145 1944 2210 quyr
1979 2125 2283 2210 ymdanm
2337 2122 2523 2208 (num
2563 2123 2750 2190 audis
2791 2132 2865 2189 tu
2905 2121 3105 2189 verba

174 2232 451 2295 virorum
494 2228 673 2293 circa
710 2235 795 2307 te,
844 2225 923 2290 de
966 2221 1105 2308 tei»
1150 2224 1211 2305 2,
1240 2222 1343 2287 37.
1396 2224 1652 2288 mantell
1692 2246 1728 2288 ο
1750 2224 1898 2310 pal-i
1935 2224 2136 2311 melyn
2171 2228 2508 2311 ymdanoew
2549 2225 2934 2311 (secundum
2957 2224 3104 2291 imi-

171 2334 475 2399 tationem
518 2328 798 2409 codicis,
843 2325 943 2392 ed.
982 2326 1235 2411 ymdaw
1276 2324 1547 2405 vitios03
1590 2325 1855 2411 pallium
1901 2348 1937 2392 e
1979 2349 2194 2413 panno
2235 2328 2403 2393 flavo
2447 2325 2687 2392 circum
2729 2326 2904 2411 eum)
2953 2328 3010 2407 1,
3041 2327 3101 2393 3.

173 2434 443 2501 monsallt
480 2432 818 2519 ymdanaw
862 2428 933 2510 gf
968 2449 1043 2493 ac
1080 2426 1319 2511 ymdan
1356 2448 1399 2511 y
1427 2426 1625 2491 τιατ-σὴ
1668 2426 1965 2513 (pallium
2009 2429 2248 2495 circum
2273 2429 2486 2515 ipsum
2515 2438 2580 2494 et
2606 2428 2843 2494 circum
2873 2448 3106 2512 equum

176 2535 337 2620 eius)
368 2536 435 2617 2,
468 2534 613 2601 388.
670 2528 1004 2616 αισιὲςραωά
1041 2551 1085 2614 y
1113 2550 1313 2593 amen
1350 2528 1685 2612 ymdanaw
1728 2553 1805 2595 ac
1842 2531 2080 2615 ymdan
2118 2554 2162 2617 y
2190 2530 2385 2596 unroh
2430 2529 2526 2615 (et
2551 2528 2759 2595 induit
2799 2528 2990 2595 armis
3033 2550 3107 2595 se

176 2650 235 2703 et
274 2659 513 2724 equum
558 2632 775 2717 suum)
823 2634 878 2713 1,
920 2632 1065 2697 264.
1130 2632 1421 2716 ρωιὲςραω
1458 2632 1795 2715 ymdanaw
1838 2654 1914 2697 ac
1956 2634 2193 2717 ymdan
2231 2654 2274 2717 y
2315 2632 2542 2712 warch,
2581 2631 2772 2697 vav-oh
2811 2629 3108 2715 (induere

176 2762 241 2805 se
294 2749 365 2804 et
406 2760 645 2824 equnm
698 2734 911 2819 suum)
971 2736 1026 2812 1,
1071 2734 1215 2797 279.
1260 2732 1405 2798 282.
1480 2732 1661 2818 dwyn
1714 2733 2178 2821 kedymdeithon
2230 2736 2332 2800 idi
2382 2754 2417 2797 o
2453 2752 2590 2817 wyr
2631 2732 2966 2819 aqwraqed
3001 2731 3112 2817 hyt

176 2840 527 2927 nadywedit
566 2860 673 2901 am
710 2860 793 2901 vn
832 2856 1083 2919 vorwyn
1120 2856 1209 2919 yn
1246 2856 1402 2919 yvuys
1434 2834 1705 2920 prydein
1746 2856 1879 2919 va
1921 2856 2034 2901 noc
2077 2834 2372 2899 amdanei
2411 2832 2574 2917 (dati
2617 2832 2778 2899 socii
2823 2832 2903 2914 ei,
2947 2830 3108 2899 Eni-

179 2952 299 3021 tae,
346 2964 385 3007 e
430 2940 593 3007 viris
638 2948 707 3005 et
742 2936 1137 3017 mulieribus,
1180 2934 1275 3001 ita
1314 2944 1387 3001 ut
1429 2935 1509 3002 de
1550 2936 1729 3003 nulla
1768 2936 1986 3024 puella
2030 2938 2098 3003 in
2127 2936 2340 3003 insula
2366 2934 2706 3001 Britannia
2744 2934 2890 3021 plus
2933 2934 3108 2999 dice-

178 3055 343 3111 retur
389 3066 589 3130 quam
630 3040 713 3107 de
756 3038 861 3123 ea)
908 3039 967 3120 2,
1010 3038 1111 3103 28.
1178 3038 1385 3103 ractal
1425 3058 1535 3103 eur
1577 3060 1681 3103 am
1718 3060 1763 3124 y
1792 3040 2022 3124 plasma.
2067 3040 2292 3126 aywt'ec
2334 3060 2370 3103 o
2411 3036 2540 3103 hali
2575 3036 2778 3122 melyn
2815 3034 3114 3121 ymdanei

178 3146 475 3230 (frontale
518 3138 781 3209 aureum
824 3141 997 3207 circa
1024 3149 1217 3226 caput
1246 3140 1404 3221 eius,
1450 3140 1721 3227 puellae,
1770 3150 1833 3207 et
1860 3141 2062 3208 vestis
2091 3140 2288 3227 panni
2316 3139 2468 3205 flavi
2497 3139 2670 3205 circa
2697 3137 2869 3222 eam)
2919 3138 2974 3217 1,
3011 3138 3107 3201 14.

174 3274 213 3333 y
262 3253 417 3313 wisc
476 3266 720 3333 avynno
766 3242 1065 3329 ymdamei
1116 3241 1229 3326 (ad
1272 3242 1663 3309 induendum
1716 3243 1890 3329 quod
1943 3242 2138 3309 vellet
2189 3244 2362 3309 circa
2405 3264 2504 3324 se,
2559 3237 2868 3329 puellam)
2914 3238 2973 3319 2,
3006 3237 3110 3302 20.

184 3376 261 3415 na
300 3353 371 3415 la·
408 3372 533 3415 nae
576 3348 835 3412 ebe-nnat
875 3344 1103 3428 aydam
1146 3343 1291 3429 byth·
1330 3346 1677 3410 amdanunt
1730 3345 1886 3428 (nec
1924 3346 2036 3410 illa
2090 3366 2212 3411 nec
2254 3344 2504 3431 legatus
2559 3342 2697 3409 eius
2747 3339 2928 3406 venit
2993 3362 3109 3405 un-

186 3478 367 3541 quam
413 3453 597 3517 circa
638 3446 783 3530 eos)
830 3448 889 3527 2,
932 3447 1055 3511 217
1098 3466 1193 3532 sq.
1262 3458 1375 3532 πρε
1424 3448 1537 3511 oed
1588 3448 1770 3512 dictat
1821 3446 2174 3533 ymdammt
2226 3447 2392 3532 (non
2445 3453 2582 3511 erat
2619 3442 2822 3509 vestis
2872 3441 3111 3508 circum

182 3558 313 3641 eas)
358 3560 417 3635 1,
456 3554 559 3619 36.
614 3548 917 3614 hendillat
958 3547 1283 3613 atueiledio
1305 3548 1651 3634 ymdanyut
1691 3548 1924 3633 (vestis
1955 3556 2210 3614 vetusta
2235 3547 2449 3614 lacera
2476 3548 2712 3614 circum
2741 3543 2888 3628 eos)
2917 3544 2978 3625 2,
3007 3543 3110 3609 24.

338 3662 401 3725 3.
462 3651 1146 3739 Praepositiones
1189 3650 1787 3737 monosyllabae
1830 3652 2210 3717 consonis
2253 3660 2329 3715 et
2367 3648 2790 3715 inchoatae
2833 3654 2910 3709 et
2949 3652 3110 3709 ter-

188 3763 545 3827 minatae:
609 3756 772 3837 min,
813 3776 1004 3841 quor,
1046 3774 1185 3833 rac,
1232 3752 1375 3837 hep,
1422 3763 1561 3834 tan,
1606 3754 1811 3835 trech,
1856 3764 2022 3833 ma,
2065 3752 2514 3843 mastdarm,
2558 3760 2733 3830 cant,
2775 3744 2936 3827 kint3
2979 3764 3112 3825 nee3

190 3886 347 3929 com.
506 3910 523 3924 .

338 3882 535 4043 Mrffi’
582 3958 801 4040 MYN,
848 3954 1239 4044 praepositio
1284 3953 1605 4020 cambi-ica
1642 3975 1766 4019 nec
1804 3954 1878 4021 in
1917 3954 2249 4021 hibernica
2287 3953 2510 4040 lingua
2549 3958 2832 4039 reperta,
2876 3968 3000 4015 nec
3042 3948 3112 4013 in

194 4068 441 4131 comica
496 4070 609 4128 aut
649 4059 1025 4139 aremorica,
1079 4058 1149 4123 in
1188 4054 1567 4123 obsecrandi
1617 4064 1861 4121 tantum
1916 4055 2200 4122 formulis
2251 4063 2454 4121 extat:
2521 4073 2667 4138 myn
2707 4060 2920 4136 quret
2969 4048 3118 4134 (per

198 4190 379 4232 neam
408 4162 641 4246 fidem)
682 4160 858 4227 Mab.
890 4164 945 4240 1,
977 4160 1119 4223 240.
1174 4157 1510 4243 mynnllaw
1536 4155 1910 4242 vyykyfeillt,
1951 4157 2250 4242 mynllaw
2277 4153 2644 4242 qukgfaillt
2685 4151 2836 4237 (per
2861 4172 3115 4217 manum

202 4269 369 4333 amici
398 4265 587 4349 mei),
628 4286 779 4349 ηψπ
820 4262 903 4346 dy
931 4260 1051 4325 law
1094 4260 1167 4323 di
1206 4260 1353 4344 (per
1378 4278 1633 4323 manum
1660 4257 1970 4341 tuam)'1,
2006 4260 2102 4322 11.
2136 4260 2280 4323 277.
2335 4278 2484 4341 myn
2506 4277 2550 4340 y
2573 4274 2710 4340 ρων
2753 4249 3115 4339 anywnaetk

202 4371 261 4432 κ’
292 4392 369 4435 ar
408 4392 457 4455 y
502 4366 659 4431 delw
698 4365 863 4429 Iumm
906 4361 1052 4449 (per
1096 4384 1242 4426 eum
1283 4359 1391 4446 qui
1433 4380 1555 4425 nos
1594 4358 1951 4425 formavit
1931 4380 2001 4424 m
2044 4358 2210 4427 hanc
2251 4358 2544 4438 formam3
2585 4354 2918 4443 praecedit
2958 4354 3114 4418 241.
3096 4375 3113 4392 ·

201 4461 1581 4558 yryywratluwnaetharydelwhonn)
1627 4462 1683 4539 2,
1718 4460 1863 4525 242.

348 4568 615 4641 GUOR
654 4564 1023 4633 hibernicae
1064 4562 1527 4649 praepositioni
1562 4561 1685 4644 for
1736 4563 2138 4647 respondens
2178 4559 2540 4628 britannica
2593 4558 2909 4642 integram
2949 4554 3118 4622 hanc

208 4670 455 4739 formam
500 4680 685 4739 extra
725 4663 1251 4753 compositionem
1296 4664 1407 4749 (de
1440 4686 1568 4750 qua
1609 4671 1831 4749 agetur
1858 4664 2055 4748 infra)
2100 4664 2311 4729 camb
2327 4662 2491 4728 rice
2535 4660 2648 4725 vix
2687 4660 2758 4725 in
2785 4657 2968 4725 libris
3007 4680 3118 4723 ve·-

208 4774 567 4842 tustissimis
612 4769 923 4839 servavit:
963 4790 1129 4854 ymo·
1162 4768 1471 4831 irlaennrit
1514 4766 1738 4852 (super
1780 4774 1964 4831 vetus
2005 4764 2270 4849 vadum)
2313 4763 2392 4829 L.
2419 4762 2625 4829 Laud.
2656 4764 2759 4828 70.
2829 4760 3116 4827 Plerum-

212 4898 316 4961 que
354 4876 677 4945 cambrice
731 4871 932 4954 (sicut
970 4868 1295 4936 hibernice
1340 4867 1409 4933 in
1452 4867 1920 4933 recentioribus
1965 4866 2180 4950 libris)
2225 4866 2674 4933 commiscetur
2725 4885 2870 4929 cum
2897 4884 3116 4949 praep.

214 5000 293 5057 ar,
336 4990 405 5044 ut
444 4980 521 5045 in
556 4976 767 5043 Mau:
824 4972 973 5037 kaer
1016 4971 1165 5035 llion
1208 4992 1285 5035 ar
1324 4992 1483 5056 wyse
1525 4968 1785 5052 (civitas
1828 4968 2152 5054 legionum
2195 4968 2278 5034 ad
2320 4967 2559 5051 Iscam)
2608 4968 2662 5048 1,
2699 4968 2754 5029 1.
2823 4964 3118 5051 ywahan-

202 5077 356 5159 fford
406 5102 487 5145 ar
538 5102 585 5166 y
626 5090 695 5145 tu
738 5076 933 5141 denen
970 5075 1049 5139 ia
1102 5072 1240 5157 (via
1284 5072 1495 5137 divisa
1548 5071 1631 5137 ad
1672 5071 1839 5137 latus
1895 5070 2184 5136 dextrum
2243 5068 2396 5152 tibi)
2459 5072 2514 5151 1,
2559 5070 2619 5133 6.
2685 5088 2764 5131 ar
2801 5088 2845 5151 y
2887 5065 3042 5131 llech
3077 5088 3121 5149 y

216 5202 333 5247 mae
368 5180 539 5249 kawc
566 5190 799 5268 aryant
841 5176 941 5261 (in
970 5174 1203 5261 lapide,
1250 5196 1443 5260 super
1482 5172 1767 5259 lapidem
1812 5182 1911 5238 est
1945 5172 2102 5239 lanx
2129 5171 2462 5257 argentea)
2497 5173 2554 5251 1,
2581 5170 2654 5249 8.,
2699 5170 2928 5255 aphont
2965 5190 3120 5235 awe-

2620 5286 2717 5341 ⁴8·
