<?xml version="1.0" encoding="UTF-8"?>
<!DOCTYPE html PUBLIC "-//W3C//DTD XHTML 1.0 Transitional//EN"
    "http://www.w3.org/TR/xhtml1/DTD/xhtml1-transitional.dtd">
<html xmlns="http://www.w3.org/1999/xhtml" xml:lang="en" lang="en">
 <head>
  <title>
</title>
<meta http-equiv="Content-Type" content="text/html;charset=utf-8" />
  <meta name='ocr-system' content='tesseract 3.04.00' />
  <meta name='ocr-capabilities' content='ocr_page ocr_carea ocr_par ocr_line ocrx_word'/>
</head>
<body>
  <div class='ocr_page' id='page_1' title='image "./grammaticacelti01ebelgoog_0254.png"; bbox 0 0 3717 5642; ppageno 0'>
   <div class='ocr_carea' id='block_1_1' title="bbox 602 408 2746 477">
    <p class='ocr_par' dir='ltr' id='par_1_1' title="bbox 602 408 2746 477">
     <span class='ocr_line' id='line_1_1' title="bbox 602 408 2746 477; baseline 0 -4"><span class='ocrx_word' id='word_1_1' title='bbox 602 410 687 473; x_wconf 84' lang='lat'><strong>67</strong></span> <span class='ocrx_word' id='word_1_2' title='bbox 690 410 729 473; x_wconf 90' lang='lat'><strong>6</strong></span> <span class='ocrx_word' id='word_1_3' title='bbox 788 412 1101 477; x_wconf 77' lang='lat'><strong>(632—634)</strong></span> <span class='ocrx_word' id='word_1_4' title='bbox 1361 408 1478 476; x_wconf 85' lang='lat' dir='ltr'><strong>IV.</strong></span> <span class='ocrx_word' id='word_1_5' title='bbox 1522 411 1583 473; x_wconf 79' lang='lat'><strong>2.</strong></span> <span class='ocrx_word' id='word_1_6' title='bbox 1648 426 2225 477; x_wconf 68' lang='lat' dir='ltr'><strong>rmrosrrxonss</strong></span> <span class='ocrx_word' id='word_1_7' title='bbox 2269 423 2746 473; x_wconf 66' lang='lat' dir='ltr'><strong>murmurem.</strong></span> 
     </span>
    </p>
   </div>
   <div class='ocr_carea' id='block_1_2' title="bbox 584 592 3542 3227">
    <p class='ocr_par' dir='ltr' id='par_1_2' title="bbox 597 592 3527 1193">
     <span class='ocr_line' id='line_1_2' title="bbox 606 592 3526 681; baseline -0.001 -24"><span class='ocrx_word' id='word_1_8' title='bbox 606 594 739 679; x_wconf 70' lang='lat' dir='ltr'><strong>lym</strong></span> <span class='ocrx_word' id='word_1_9' title='bbox 778 617 857 659; x_wconf 83' lang='lat' dir='ltr'><strong>ar</strong></span> <span class='ocrx_word' id='word_1_10' title='bbox 894 616 971 680; x_wconf 77' lang='grc'><em>91·</em></span> <span class='ocrx_word' id='word_1_11' title='bbox 1012 616 1176 660; x_wconf 77' lang='lat' dir='ltr'><strong>anon</strong></span> <span class='ocrx_word' id='word_1_12' title='bbox 1220 595 1318 681; x_wconf 88' lang='lat' dir='ltr'><strong>(et</strong></span> <span class='ocrx_word' id='word_1_13' title='bbox 1358 603 1617 681; x_wconf 90' lang='lat' dir='ltr'><strong>pontem</strong></span> <span class='ocrx_word' id='word_1_14' title='bbox 1659 596 1968 662; x_wconf 79' lang='lat' dir='ltr'><strong>videbant</strong></span> <span class='ocrx_word' id='word_1_15' title='bbox 2011 617 2208 681; x_wconf 87' lang='lat' dir='ltr'><strong>super</strong></span> <span class='ocrx_word' id='word_1_16' title='bbox 2247 594 2513 679; x_wconf 85' lang='lat' dir='ltr'><strong>fiumen)</strong></span> <span class='ocrx_word' id='word_1_17' title='bbox 2558 594 2616 675; x_wconf 82' lang='lat'><strong>2,</strong></span> <span class='ocrx_word' id='word_1_18' title='bbox 2648 594 2754 658; x_wconf 84' lang='lat'><strong>49.</strong></span> <span class='ocrx_word' id='word_1_19' title='bbox 2812 614 2892 656; x_wconf 79' lang='lat' dir='ltr'><strong>ar</strong></span> <span class='ocrx_word' id='word_1_20' title='bbox 2933 610 3051 655; x_wconf 80' lang='lat' dir='ltr'><strong>our</strong></span> <span class='ocrx_word' id='word_1_21' title='bbox 3091 610 3171 656; x_wconf 81' lang='lat' dir='ltr'><strong>ar</strong></span> <span class='ocrx_word' id='word_1_22' title='bbox 3209 612 3255 675; x_wconf 99' lang='grc'><strong>9</strong></span> <span class='ocrx_word' id='word_1_23' title='bbox 3297 592 3412 672; x_wconf 74' lang='lat' dir='ltr'><strong>tir,</strong></span> <span class='ocrx_word' id='word_1_24' title='bbox 3453 612 3526 655; x_wconf 78' lang='lat' dir='ltr'><strong>ar</strong></span> 
     </span>
     <span class='ocr_line' id='line_1_3' title="bbox 601 690 3523 783; baseline -0 -24"><span class='ocrx_word' id='word_1_25' title='bbox 601 717 713 759; x_wconf 82' lang='lat' dir='ltr'><strong>vor</strong></span> <span class='ocrx_word' id='word_1_26' title='bbox 754 719 829 761; x_wconf 82' lang='lat' dir='ltr'><strong>ac</strong></span> <span class='ocrx_word' id='word_1_27' title='bbox 869 718 946 759; x_wconf 83' lang='lat' dir='ltr'><strong>ar</strong></span> <span class='ocrx_word' id='word_1_28' title='bbox 974 697 1059 761; x_wconf 72' lang='lat' dir='ltr'><strong>tir</strong></span> <span class='ocrx_word' id='word_1_29' title='bbox 1101 697 1299 781; x_wconf 86' lang='lat' dir='ltr'><strong>(terra</strong></span> <span class='ocrx_word' id='word_1_30' title='bbox 1326 696 1643 783; x_wconf 85' lang='lat' dir='ltr'><strong>marique)</strong></span> <span class='ocrx_word' id='word_1_31' title='bbox 1688 698 1745 779; x_wconf 90' lang='grc'><strong>2,</strong></span> <span class='ocrx_word' id='word_1_32' title='bbox 1779 699 1923 763; x_wconf 89' lang='grc'><strong>235.</strong></span> <span class='ocrx_word' id='word_1_33' title='bbox 1968 698 2027 777; x_wconf 88' lang='lat'><strong>3,</strong></span> <span class='ocrx_word' id='word_1_34' title='bbox 2060 698 2202 763; x_wconf 97' lang='grc'><strong>270.</strong></span> <span class='ocrx_word' id='word_1_35' title='bbox 2290 694 2452 761; x_wconf 92' lang='lat' dir='ltr'><strong>Inde</strong></span> <span class='ocrx_word' id='word_1_36' title='bbox 2481 695 2874 781; x_wconf 87' lang='lat' dir='ltr'><strong>aliquantum</strong></span> <span class='ocrx_word' id='word_1_37' title='bbox 2919 690 3169 758; x_wconf 80' lang='lat' dir='ltr'><strong>deflexa</strong></span> <span class='ocrx_word' id='word_1_38' title='bbox 3207 692 3523 779; x_wconf 80' lang='lat' dir='ltr'><strong>significa-</strong></span> 
     </span>
     <span class='ocr_line' id='line_1_4' title="bbox 602 794 3527 885; baseline 0 -24"><span class='ocrx_word' id='word_1_39' title='bbox 602 798 809 864; x_wconf 87' lang='lat' dir='ltr'><strong>tione:</strong></span> <span class='ocrx_word' id='word_1_40' title='bbox 849 798 1147 885; x_wconf 72' lang='lat' dir='ltr'><strong>ylewlwyt</strong></span> <span class='ocrx_word' id='word_1_41' title='bbox 1188 800 1300 863; x_wconf 84' lang='lat' dir='ltr'><strong>oed</strong></span> <span class='ocrx_word' id='word_1_42' title='bbox 1335 821 1457 885; x_wconf 81' lang='grc' dir='ltr'><strong>9πο</strong></span> <span class='ocrx_word' id='word_1_43' title='bbox 1501 822 1579 861; x_wconf 83' lang='lat' dir='ltr'><strong>ar</strong></span> <span class='ocrx_word' id='word_1_44' title='bbox 1620 802 1827 863; x_wconf 73' lang='lat' dir='ltr'><strong>ureint</strong></span> <span class='ocrx_word' id='word_1_45' title='bbox 1853 799 2178 883; x_wconf 74' lang='lat' dir='ltr'><strong>porthawr</strong></span> <span class='ocrx_word' id='word_1_46' title='bbox 2221 797 2360 882; x_wconf 85' lang='lat' dir='ltr'><strong>(Gl.</strong></span> <span class='ocrx_word' id='word_1_47' title='bbox 2407 808 2541 863; x_wconf 84' lang='lat' dir='ltr'><strong>erat</strong></span> <span class='ocrx_word' id='word_1_48' title='bbox 2580 798 2672 864; x_wconf 87' lang='lat' dir='ltr'><strong>ibi</strong></span> <span class='ocrx_word' id='word_1_49' title='bbox 2713 797 2840 861; x_wconf 90' lang='lat' dir='ltr'><strong>ritu</strong></span> <span class='ocrx_word' id='word_1_50' title='bbox 2881 794 3164 881; x_wconf 77' lang='lat' dir='ltr'><strong>portarii,</strong></span> <span class='ocrx_word' id='word_1_51' title='bbox 3209 804 3284 860; x_wconf 88' lang='lat' dir='ltr'><strong>ut</strong></span> <span class='ocrx_word' id='word_1_52' title='bbox 3321 806 3527 881; x_wconf 82' lang='lat' dir='ltr'><strong>porta-</strong></span> 
     </span>
     <span class='ocr_line' id='line_1_5' title="bbox 602 897 3525 988; baseline -0.001 -24"><span class='ocrx_word' id='word_1_53' title='bbox 602 900 768 985; x_wconf 89' lang='lat' dir='ltr'><strong>rius)</strong></span> <span class='ocrx_word' id='word_1_54' title='bbox 802 904 856 981; x_wconf 91' lang='lat'><strong>1,</strong></span> <span class='ocrx_word' id='word_1_55' title='bbox 892 904 947 965; x_wconf 91' lang='lat'><strong>1.</strong></span> <span class='ocrx_word' id='word_1_56' title='bbox 1005 901 1137 965; x_wconf 79' lang='lat' dir='ltr'><strong>dwo</strong></span> <span class='ocrx_word' id='word_1_57' title='bbox 1165 902 1372 965; x_wconf 74' lang='lat' dir='ltr'><strong>ditheu</strong></span> <span class='ocrx_word' id='word_1_58' title='bbox 1412 914 1580 987; x_wconf 77' lang='lat' dir='ltr'><strong>wynt</strong></span> <span class='ocrx_word' id='word_1_59' title='bbox 1616 924 1762 988; x_wconf 77' lang='lat' dir='ltr'><strong>yma</strong></span> <span class='ocrx_word' id='word_1_60' title='bbox 1802 924 1845 987; x_wconf 89' lang='grc'><strong>9</strong></span> <span class='ocrx_word' id='word_1_61' title='bbox 1871 912 2120 987; x_wconf 74' lang='lat' dir='ltr'><strong>qymryt</strong></span> <span class='ocrx_word' id='word_1_62' title='bbox 2161 900 2409 986; x_wconf 72' lang='lat' dir='ltr'><strong>diyawn</strong></span> <span class='ocrx_word' id='word_1_63' title='bbox 2450 921 2530 964; x_wconf 79' lang='lat' dir='ltr'><strong>ar</strong></span> <span class='ocrx_word' id='word_1_64' title='bbox 2556 897 2804 985; x_wconf 73' lang='lat' dir='ltr'><strong>qukost</strong></span> <span class='ocrx_word' id='word_1_65' title='bbox 2839 899 2869 959; x_wconf 77' lang='lat' dir='ltr'><em>i</em></span> <span class='ocrx_word' id='word_1_66' title='bbox 2896 948 2911 963; x_wconf 91' lang='lat'><strong>.</strong></span> <span class='ocrx_word' id='word_1_67' title='bbox 2938 947 2953 960; x_wconf 91' lang='lat'><strong>.</strong></span> <span class='ocrx_word' id='word_1_68' title='bbox 2982 947 2997 961; x_wconf 93' lang='lat'>.</span> <span class='ocrx_word' id='word_1_69' title='bbox 3039 899 3114 983; x_wconf 70' lang='lat' dir='ltr'><strong>qs</strong></span> <span class='ocrx_word' id='word_1_70' title='bbox 3147 920 3220 961; x_wconf 81' lang='lat' dir='ltr'><strong>ae</strong></span> <span class='ocrx_word' id='word_1_71' title='bbox 3263 899 3387 961; x_wconf 79' lang='lat' dir='ltr'><strong>duc</strong></span> <span class='ocrx_word' id='word_1_72' title='bbox 3409 918 3525 984; x_wconf 79' lang='grc' dir='ltr'><strong>9ηο</strong></span> 
     </span>
     <span class='ocr_line' id='line_1_6' title="bbox 597 999 3523 1090; baseline 0 -27"><span class='ocrx_word' id='word_1_73' title='bbox 597 1024 641 1085; x_wconf 90' lang='grc'><strong>9</strong></span> <span class='ocrx_word' id='word_1_74' title='bbox 677 1012 927 1087; x_wconf 72' lang='grc' dir='ltr'><em>99ηυ9ι</em></span> <span class='ocrx_word' id='word_1_75' title='bbox 965 1002 1213 1089; x_wconf 73' lang='lat' dir='ltr'><strong>diqawn</strong></span> <span class='ocrx_word' id='word_1_76' title='bbox 1257 1016 1464 1090; x_wconf 72' lang='lat' dir='ltr'><strong>arqost</strong></span> <span class='ocrx_word' id='word_1_77' title='bbox 1500 1008 1741 1090; x_wconf 70' lang='lat' dir='ltr'><strong>yereint</strong></span> <span class='ocrx_word' id='word_1_78' title='bbox 1784 1003 2024 1086; x_wconf 87' lang='lat' dir='ltr'><strong>(adduc</strong></span> <span class='ocrx_word' id='word_1_79' title='bbox 2069 1024 2182 1069; x_wconf 89' lang='lat' dir='ltr'><strong>eos</strong></span> <span class='ocrx_word' id='word_1_80' title='bbox 2227 1002 2352 1066; x_wconf 89' lang='lat' dir='ltr'><strong>huc</strong></span> <span class='ocrx_word' id='word_1_81' title='bbox 2393 1010 2465 1065; x_wconf 87' lang='lat' dir='ltr'><strong>ut</strong></span> <span class='ocrx_word' id='word_1_82' title='bbox 2511 1000 2669 1067; x_wconf 82' lang='lat' dir='ltr'><strong>satis</strong></span> <span class='ocrx_word' id='word_1_83' title='bbox 2711 999 3034 1087; x_wconf 87' lang='lat' dir='ltr'><strong>accipiant</strong></span> <span class='ocrx_word' id='word_1_84' title='bbox 3071 1009 3334 1085; x_wconf 84' lang='lat' dir='ltr'><strong>sumptu</strong></span> <span class='ocrx_word' id='word_1_85' title='bbox 3371 1022 3523 1077; x_wconf 84' lang='lat' dir='ltr'><strong>meo,</strong></span> 
     </span>
     <span class='ocr_line' id='line_1_7' title="bbox 598 1099 2535 1193; baseline 0.001 -27"><span class='ocrx_word' id='word_1_86' title='bbox 598 1152 625 1193; x_wconf 45' lang='grc' dir='ltr'><strong>ὃ</strong></span> <span class='ocrx_word' id='word_1_87' title='bbox 651 1150 665 1164; x_wconf 94' lang='grc'><strong>.</strong></span> <span class='ocrx_word' id='word_1_88' title='bbox 694 1152 707 1167; x_wconf 94' lang='grc'><strong>.</strong></span> <span class='ocrx_word' id='word_1_89' title='bbox 732 1102 793 1168; x_wconf 91' lang='lat' dir='ltr'><strong>is</strong></span> <span class='ocrx_word' id='word_1_90' title='bbox 838 1102 1019 1167; x_wconf 83' lang='lat' dir='ltr'><strong>duxit</strong></span> <span class='ocrx_word' id='word_1_91' title='bbox 1061 1128 1173 1172; x_wconf 88' lang='lat' dir='ltr'><strong>eos</strong></span> <span class='ocrx_word' id='word_1_92' title='bbox 1216 1106 1371 1173; x_wconf 88' lang='lat' dir='ltr'><strong>illuc</strong></span> <span class='ocrx_word' id='word_1_93' title='bbox 1414 1106 1829 1193; x_wconf 86' lang='lat' dir='ltr'><strong>excipiendos</strong></span> <span class='ocrx_word' id='word_1_94' title='bbox 1875 1113 2132 1191; x_wconf 88' lang='lat' dir='ltr'><strong>sumptu</strong></span> <span class='ocrx_word' id='word_1_95' title='bbox 2177 1099 2292 1188; x_wconf 84' lang='lat' dir='ltr'><strong>G.)</strong></span> <span class='ocrx_word' id='word_1_96' title='bbox 2340 1104 2398 1185; x_wconf 88' lang='grc'><strong>2,</strong></span> <span class='ocrx_word' id='word_1_97' title='bbox 2433 1106 2535 1169; x_wconf 85' lang='lat'><strong>45.</strong></span> 
     </span>
    </p>

    <p class='ocr_par' dir='ltr' id='par_1_3' title="bbox 599 1204 3539 1600">
     <span class='ocr_line' id='line_1_8' title="bbox 769 1204 3539 1295; baseline -0.001 -25"><span class='ocrx_word' id='word_1_98' title='bbox 769 1205 1080 1295; x_wconf 83' lang='lat' dir='ltr'><strong>Exempla</strong></span> <span class='ocrx_word' id='word_1_99' title='bbox 1110 1208 1507 1295; x_wconf 80' lang='lat' dir='ltr'><strong>significatae</strong></span> <span class='ocrx_word' id='word_1_100' title='bbox 1550 1207 1847 1273; x_wconf 86' lang='lat' dir='ltr'><strong>motionis</strong></span> <span class='ocrx_word' id='word_1_101' title='bbox 1891 1206 1974 1272; x_wconf 89' lang='lat' dir='ltr'><strong>ad</strong></span> <span class='ocrx_word' id='word_1_102' title='bbox 2001 1206 2238 1271; x_wconf 86' lang='lat' dir='ltr'><strong>locum:</strong></span> <span class='ocrx_word' id='word_1_103' title='bbox 2278 1226 2406 1291; x_wconf 73' lang='grc' dir='ltr'><strong>9π9</strong></span> <span class='ocrx_word' id='word_1_104' title='bbox 2433 1204 2692 1291; x_wconf 75' lang='lat' dir='ltr'><strong>debycko</strong></span> <span class='ocrx_word' id='word_1_105' title='bbox 2727 1204 2916 1290; x_wconf 82' lang='lat' dir='ltr'><strong>pawb</strong></span> <span class='ocrx_word' id='word_1_106' title='bbox 2946 1206 3312 1293; x_wconf 68' lang='lat' dir='ltr'><strong>dquydaw</strong></span> <span class='ocrx_word' id='word_1_107' title='bbox 3352 1228 3398 1292; x_wconf 86' lang='grc'><strong>9</strong></span> <span class='ocrx_word' id='word_1_108' title='bbox 3423 1204 3539 1289; x_wconf 75' lang='lat' dir='ltr'><strong>nes</strong></span> 
     </span>
     <span class='ocr_line' id='line_1_9' title="bbox 600 1303 3524 1397; baseline -0.002 -23"><span class='ocrx_word' id='word_1_109' title='bbox 600 1333 677 1374; x_wconf 78' lang='lat' dir='ltr'><strong>ar</strong></span> <span class='ocrx_word' id='word_1_110' title='bbox 725 1335 770 1397; x_wconf 88' lang='grc'><strong>9</strong></span> <span class='ocrx_word' id='word_1_111' title='bbox 813 1313 1017 1396; x_wconf 72' lang='lat' dir='ltr'><strong>dayar</strong></span> <span class='ocrx_word' id='word_1_112' title='bbox 1058 1309 1161 1394; x_wconf 88' lang='lat' dir='ltr'><strong>(ut</strong></span> <span class='ocrx_word' id='word_1_113' title='bbox 1205 1311 1447 1396; x_wconf 79' lang='lat' dir='ltr'>cogitet</span> <span class='ocrx_word' id='word_1_114' title='bbox 1500 1308 1937 1395; x_wconf 88' lang='lat' dir='ltr'><strong>unusquisque</strong></span> <span class='ocrx_word' id='word_1_115' title='bbox 1996 1306 2290 1373; x_wconf 78' lang='lat' dir='ltr'><strong>decidere</strong></span> <span class='ocrx_word' id='word_1_116' title='bbox 2349 1307 2594 1372; x_wconf 85' lang='lat' dir='ltr'><strong>caelum</strong></span> <span class='ocrx_word' id='word_1_117' title='bbox 2649 1305 2714 1370; x_wconf 89' lang='lat' dir='ltr'><strong>in</strong></span> <span class='ocrx_word' id='word_1_118' title='bbox 2759 1303 3020 1389; x_wconf 88' lang='lat' dir='ltr'><strong>terram)</strong></span> <span class='ocrx_word' id='word_1_119' title='bbox 3071 1304 3250 1372; x_wconf 85' lang='lat' dir='ltr'><strong>Mab.</strong></span> <span class='ocrx_word' id='word_1_120' title='bbox 3293 1308 3354 1388; x_wconf 89' lang='grc'><strong>2,</strong></span> <span class='ocrx_word' id='word_1_121' title='bbox 3387 1307 3524 1369; x_wconf 86' lang='grc'><strong>227.</strong></span> 
     </span>
     <span class='ocr_line' id='line_1_10' title="bbox 599 1406 3522 1500; baseline -0.002 -23"><span class='ocrx_word' id='word_1_122' title='bbox 599 1436 675 1477; x_wconf 85' lang='lat' dir='ltr'><strong>ac</strong></span> <span class='ocrx_word' id='word_1_123' title='bbox 712 1436 991 1500; x_wconf 72' lang='lat' dir='ltr'><strong>ysqynnu</strong></span> <span class='ocrx_word' id='word_1_124' title='bbox 1034 1434 1113 1475; x_wconf 83' lang='lat' dir='ltr'><strong>ar</strong></span> <span class='ocrx_word' id='word_1_125' title='bbox 1150 1412 1391 1497; x_wconf 70' lang='lat' dir='ltr'><strong>yuarch,</strong></span> <span class='ocrx_word' id='word_1_126' title='bbox 1443 1412 1539 1495; x_wconf 92' lang='lat' dir='ltr'><strong>(et</strong></span> <span class='ocrx_word' id='word_1_127' title='bbox 1580 1410 1928 1477; x_wconf 87' lang='lat' dir='ltr'><strong>ascendere</strong></span> <span class='ocrx_word' id='word_1_128' title='bbox 1983 1409 2052 1473; x_wconf 90' lang='lat' dir='ltr'><strong>in</strong></span> <span class='ocrx_word' id='word_1_129' title='bbox 2098 1430 2328 1495; x_wconf 88' lang='lat' dir='ltr'><strong>equum</strong></span> <span class='ocrx_word' id='word_1_130' title='bbox 2373 1408 2586 1491; x_wconf 88' lang='lat' dir='ltr'><strong>suum)</strong></span> <span class='ocrx_word' id='word_1_131' title='bbox 2640 1408 2698 1489; x_wconf 89' lang='grc'><strong>2,</strong></span> <span class='ocrx_word' id='word_1_132' title='bbox 2734 1409 2836 1474; x_wconf 90' lang='grc'><strong>38.</strong></span> <span class='ocrx_word' id='word_1_133' title='bbox 2919 1406 3101 1471; x_wconf 77' lang='lat' dir='ltr'><strong>bwrw</strong></span> <span class='ocrx_word' id='word_1_134' title='bbox 3141 1408 3408 1494; x_wconf 70' lang='lat' dir='ltr'><strong>kawqeit</strong></span> <span class='ocrx_word' id='word_1_135' title='bbox 3451 1428 3522 1471; x_wconf 79' lang='lat' dir='ltr'><strong>or</strong></span> 
     </span>
     <span class='ocr_line' id='line_1_11' title="bbox 602 1509 3175 1600; baseline -0.002 -22"><span class='ocrx_word' id='word_1_136' title='bbox 602 1515 769 1600; x_wconf 80' lang='lat' dir='ltr'><strong>dwfr</strong></span> <span class='ocrx_word' id='word_1_137' title='bbox 812 1537 889 1578; x_wconf 83' lang='lat' dir='ltr'><strong>ar</strong></span> <span class='ocrx_word' id='word_1_138' title='bbox 925 1537 970 1599; x_wconf 90' lang='grc'><strong>9</strong></span> <span class='ocrx_word' id='word_1_139' title='bbox 1013 1512 1165 1576; x_wconf 75' lang='lat' dir='ltr'><strong>llech</strong></span> <span class='ocrx_word' id='word_1_140' title='bbox 1208 1512 1503 1597; x_wconf 87' lang='lat' dir='ltr'><strong>(fundere</strong></span> <span class='ocrx_word' id='word_1_141' title='bbox 1547 1514 1793 1577; x_wconf 88' lang='lat' dir='ltr'><strong>lancem</strong></span> <span class='ocrx_word' id='word_1_142' title='bbox 1835 1511 2098 1597; x_wconf 81' lang='lat' dir='ltr'><strong>plenam</strong></span> <span class='ocrx_word' id='word_1_143' title='bbox 2139 1534 2344 1598; x_wconf 85' lang='lat' dir='ltr'><strong>aquae</strong></span> <span class='ocrx_word' id='word_1_144' title='bbox 2388 1534 2582 1597; x_wconf 86' lang='lat' dir='ltr'><strong>super</strong></span> <span class='ocrx_word' id='word_1_145' title='bbox 2623 1509 2934 1597; x_wconf 77' lang='lat' dir='ltr'><strong>lapidem)</strong></span> <span class='ocrx_word' id='word_1_146' title='bbox 2982 1512 3039 1591; x_wconf 89' lang='lat'><strong>1,</strong></span> <span class='ocrx_word' id='word_1_147' title='bbox 3074 1511 3175 1575; x_wconf 82' lang='lat'><strong>13.</strong></span> 
     </span>
    </p>

    <p class='ocr_par' dir='ltr' id='par_1_4' title="bbox 602 1611 3536 2107">
     <span class='ocr_line' id='line_1_12' title="bbox 766 1611 3530 1706; baseline -0.003 -25"><span class='ocrx_word' id='word_1_148' title='bbox 766 1614 971 1683; x_wconf 85' lang='lat' dir='ltr'><strong>Motio</strong></span> <span class='ocrx_word' id='word_1_149' title='bbox 1018 1614 1336 1679; x_wconf 86' lang='lat' dir='ltr'><strong>contraria</strong></span> <span class='ocrx_word' id='word_1_150' title='bbox 1380 1639 1415 1681; x_wconf 91' lang='lat' dir='ltr'><strong>e</strong></span> <span class='ocrx_word' id='word_1_151' title='bbox 1457 1615 1599 1682; x_wconf 89' lang='lat' dir='ltr'><strong>loco</strong></span> <span class='ocrx_word' id='word_1_152' title='bbox 1646 1614 2042 1706; x_wconf 81' lang='lat' dir='ltr'><strong>significatur</strong></span> <span class='ocrx_word' id='word_1_153' title='bbox 2083 1613 2440 1699; x_wconf 83' lang='lat' dir='ltr'><strong>praemissa</strong></span> <span class='ocrx_word' id='word_1_154' title='bbox 2479 1634 2696 1700; x_wconf 89' lang='lat' dir='ltr'><strong>praep.</strong></span> <span class='ocrx_word' id='word_1_155' title='bbox 2737 1634 2782 1698; x_wconf 88' lang='grc'><strong>9</strong></span> <span class='ocrx_word' id='word_1_156' title='bbox 2824 1612 2916 1697; x_wconf 89' lang='lat'><strong>(=</strong></span> <span class='ocrx_word' id='word_1_157' title='bbox 2963 1612 3048 1693; x_wconf 75' lang='lat' dir='ltr'><strong>di,</strong></span> <span class='ocrx_word' id='word_1_158' title='bbox 3091 1633 3156 1697; x_wconf 87' lang='lat' dir='ltr'><strong>p.</strong></span> <span class='ocrx_word' id='word_1_159' title='bbox 3187 1612 3376 1695; x_wconf 80' lang='lat'><strong>662):</strong></span> <span class='ocrx_word' id='word_1_160' title='bbox 3421 1611 3530 1697; x_wconf 76' lang='grc' dir='ltr'><em>Ιι9-</em></span> 
     </span>
     <span class='ocr_line' id='line_1_13' title="bbox 605 1713 3530 1805; baseline -0.001 -22"><span class='ocrx_word' id='word_1_161' title='bbox 605 1718 881 1805; x_wconf 73' lang='lat' dir='ltr'><strong>9yrchaf</strong></span> <span class='ocrx_word' id='word_1_162' title='bbox 924 1716 1002 1781; x_wconf 83' lang='lat' dir='ltr'><strong>lle</strong></span> <span class='ocrx_word' id='word_1_163' title='bbox 1037 1740 1082 1803; x_wconf 91' lang='grc'><strong>9</strong></span> <span class='ocrx_word' id='word_1_164' title='bbox 1124 1738 1203 1780; x_wconf 78' lang='lat' dir='ltr'><strong>ar</strong></span> <span class='ocrx_word' id='word_1_165' title='bbox 1242 1740 1359 1781; x_wconf 70' lang='grc' dir='ltr'><strong>τιον</strong></span> <span class='ocrx_word' id='word_1_166' title='bbox 1401 1739 1475 1782; x_wconf 77' lang='lat' dir='ltr'><strong>ac</strong></span> <span class='ocrx_word' id='word_1_167' title='bbox 1513 1740 1557 1803; x_wconf 90' lang='grc'><strong>9</strong></span> <span class='ocrx_word' id='word_1_168' title='bbox 1601 1738 1677 1779; x_wconf 71' lang='lat' dir='ltr'><strong>ao·</strong></span> <span class='ocrx_word' id='word_1_169' title='bbox 1720 1717 1825 1780; x_wconf 73' lang='lat' dir='ltr'><strong>dir</strong></span> <span class='ocrx_word' id='word_1_170' title='bbox 1878 1714 2090 1799; x_wconf 86' lang='lat' dir='ltr'><strong>(locus</strong></span> <span class='ocrx_word' id='word_1_171' title='bbox 2134 1716 2370 1803; x_wconf 91' lang='lat' dir='ltr'><strong>optime</strong></span> <span class='ocrx_word' id='word_1_172' title='bbox 2415 1713 2814 1781; x_wconf 86' lang='lat' dir='ltr'><strong>accessibilis</strong></span> <span class='ocrx_word' id='word_1_173' title='bbox 2859 1736 2896 1779; x_wconf 90' lang='lat' dir='ltr'><strong>e</strong></span> <span class='ocrx_word' id='word_1_174' title='bbox 2935 1713 3092 1779; x_wconf 87' lang='lat' dir='ltr'><strong>mari</strong></span> <span class='ocrx_word' id='word_1_175' title='bbox 3145 1722 3210 1779; x_wconf 93' lang='lat' dir='ltr'><strong>et</strong></span> <span class='ocrx_word' id='word_1_176' title='bbox 3251 1736 3290 1779; x_wconf 89' lang='lat' dir='ltr'><strong>e</strong></span> <span class='ocrx_word' id='word_1_177' title='bbox 3331 1714 3530 1797; x_wconf 85' lang='lat' dir='ltr'><strong>terra)</strong></span> 
     </span>
     <span class='ocr_line' id='line_1_14' title="bbox 602 1814 3532 1904; baseline -0.001 -19"><span class='ocrx_word' id='word_1_178' title='bbox 602 1818 778 1885; x_wconf 81' lang='lat' dir='ltr'><strong>Mab.</strong></span> <span class='ocrx_word' id='word_1_179' title='bbox 812 1820 870 1901; x_wconf 84' lang='lat'><strong>2,</strong></span> <span class='ocrx_word' id='word_1_180' title='bbox 903 1821 964 1885; x_wconf 96' lang='grc'><strong>5.</strong></span> <span class='ocrx_word' id='word_1_181' title='bbox 1020 1840 1061 1903; x_wconf 84' lang='grc'><strong>9</strong></span> <span class='ocrx_word' id='word_1_182' title='bbox 1105 1840 1183 1882; x_wconf 79' lang='lat' dir='ltr'><strong>ar</strong></span> <span class='ocrx_word' id='word_1_183' title='bbox 1218 1839 1263 1904; x_wconf 90' lang='grc'><strong>9</strong></span> <span class='ocrx_word' id='word_1_184' title='bbox 1294 1817 1447 1881; x_wconf 80' lang='lat' dir='ltr'><strong>benn</strong></span> <span class='ocrx_word' id='word_1_185' title='bbox 1489 1819 1564 1899; x_wconf 85' lang='lat' dir='ltr'><strong>ef</strong></span> <span class='ocrx_word' id='word_1_186' title='bbox 1590 1840 1633 1903; x_wconf 89' lang='grc'><strong>9</strong></span> <span class='ocrx_word' id='word_1_187' title='bbox 1670 1818 1878 1903; x_wconf 74' lang='lat' dir='ltr'><strong>piywn</strong></span> <span class='ocrx_word' id='word_1_188' title='bbox 1917 1840 2066 1903; x_wconf 72' lang='lat' dir='ltr'><strong>ysyr</strong></span> <span class='ocrx_word' id='word_1_189' title='bbox 2109 1816 2222 1904; x_wconf 82' lang='lat' dir='ltr'><strong>bop</strong></span> <span class='ocrx_word' id='word_1_190' title='bbox 2265 1818 2452 1882; x_wconf 65' lang='lat' dir='ltr'><strong>zacher</strong></span> <span class='ocrx_word' id='word_1_191' title='bbox 2492 1816 2604 1903; x_wconf 87' lang='lat' dir='ltr'><strong>(de</strong></span> <span class='ocrx_word' id='word_1_192' title='bbox 2636 1816 2794 1899; x_wconf 89' lang='lat' dir='ltr'><strong>eius,</strong></span> <span class='ocrx_word' id='word_1_193' title='bbox 2839 1816 3037 1901; x_wconf 87' lang='lat' dir='ltr'><strong>rupis,</strong></span> <span class='ocrx_word' id='word_1_194' title='bbox 3085 1814 3300 1901; x_wconf 88' lang='lat' dir='ltr'><strong>capite</strong></span> <span class='ocrx_word' id='word_1_195' title='bbox 3339 1814 3532 1881; x_wconf 86' lang='lat' dir='ltr'><strong>ferie-</strong></span> 
     </span>
     <span class='ocr_line' id='line_1_15' title="bbox 604 1916 3536 2005; baseline -0.001 -20"><span class='ocrx_word' id='word_1_196' title='bbox 604 1922 747 1985; x_wconf 90' lang='lat' dir='ltr'><strong>bam</strong></span> <span class='ocrx_word' id='word_1_197' title='bbox 794 1919 1013 1987; x_wconf 84' lang='lat' dir='ltr'><strong>stellas</strong></span> <span class='ocrx_word' id='word_1_198' title='bbox 1059 1919 1286 2005; x_wconf 84' lang='lat' dir='ltr'><strong>quavis</strong></span> <span class='ocrx_word' id='word_1_199' title='bbox 1329 1918 1633 2005; x_wconf 85' lang='lat' dir='ltr'><strong>vespera)</strong></span> <span class='ocrx_word' id='word_1_200' title='bbox 1676 1920 1735 2000; x_wconf 88' lang='grc'><strong>2,</strong></span> <span class='ocrx_word' id='word_1_201' title='bbox 1768 1919 1912 1983; x_wconf 88' lang='grc'><strong>233.</strong></span> <span class='ocrx_word' id='word_1_202' title='bbox 1967 1929 2122 1983; x_wconf 70' lang='lat' dir='ltr'><strong>troes</strong></span> <span class='ocrx_word' id='word_1_203' title='bbox 2159 1941 2241 2005; x_wconf 74' lang='lat' dir='ltr'><strong>yr</strong></span> <span class='ocrx_word' id='word_1_204' title='bbox 2267 1919 2468 2004; x_wconf 74' lang='lat' dir='ltr'><strong>helym</strong></span> <span class='ocrx_word' id='word_1_205' title='bbox 2504 1941 2550 2005; x_wconf 91' lang='grc'><strong>9</strong></span> <span class='ocrx_word' id='word_1_206' title='bbox 2577 1941 2658 1983; x_wconf 81' lang='lat' dir='ltr'><strong>ar</strong></span> <span class='ocrx_word' id='word_1_207' title='bbox 2696 1941 2742 2005; x_wconf 91' lang='grc'><strong>9</strong></span> <span class='ocrx_word' id='word_1_208' title='bbox 2770 1918 2984 2004; x_wconf 77' lang='lat' dir='ltr'><strong>wyneb</strong></span> <span class='ocrx_word' id='word_1_209' title='bbox 3028 1916 3304 2002; x_wconf 81' lang='lat' dir='ltr'><strong>(decidit</strong></span> <span class='ocrx_word' id='word_1_210' title='bbox 3345 1918 3536 2004; x_wconf 82' lang='lat' dir='ltr'><strong>galea</strong></span> 
     </span>
     <span class='ocr_line' id='line_1_16' title="bbox 602 2018 3327 2107; baseline 0 -22"><span class='ocrx_word' id='word_1_211' title='bbox 602 2021 681 2086; x_wconf 89' lang='lat' dir='ltr'><strong>de</strong></span> <span class='ocrx_word' id='word_1_212' title='bbox 722 2020 919 2105; x_wconf 86' lang='lat' dir='ltr'><strong>facie)</strong></span> <span class='ocrx_word' id='word_1_213' title='bbox 970 2023 1025 2103; x_wconf 90' lang='lat'><strong>1,</strong></span> <span class='ocrx_word' id='word_1_214' title='bbox 1058 2022 1161 2085; x_wconf 88' lang='grc'><strong>25.</strong></span> <span class='ocrx_word' id='word_1_215' title='bbox 1218 2020 1443 2106; x_wconf 66' lang='lat' dir='ltr'><strong>kyffroi</strong></span> <span class='ocrx_word' id='word_1_216' title='bbox 1477 2044 1521 2107; x_wconf 95' lang='grc'><strong>9</strong></span> <span class='ocrx_word' id='word_1_217' title='bbox 1563 2042 1641 2086; x_wconf 80' lang='lat' dir='ltr'><strong>ar</strong></span> <span class='ocrx_word' id='word_1_218' title='bbox 1676 2041 1721 2105; x_wconf 98' lang='grc'><strong>9</strong></span> <span class='ocrx_word' id='word_1_219' title='bbox 1761 2020 1983 2083; x_wconf 82' lang='lat' dir='ltr'><strong>medwl</strong></span> <span class='ocrx_word' id='word_1_220' title='bbox 2025 2020 2473 2107; x_wconf 82' lang='lat' dir='ltr'><strong>(expergefieri</strong></span> <span class='ocrx_word' id='word_1_221' title='bbox 2519 2044 2554 2087; x_wconf 92' lang='lat' dir='ltr'><strong>e</strong></span> <span class='ocrx_word' id='word_1_222' title='bbox 2597 2018 3045 2103; x_wconf 75' lang='lat' dir='ltr'><strong>meditatione)</strong></span> <span class='ocrx_word' id='word_1_223' title='bbox 3095 2022 3149 2101; x_wconf 92' lang='lat'><strong>1,</strong></span> <span class='ocrx_word' id='word_1_224' title='bbox 3182 2021 3327 2086; x_wconf 86' lang='grc'><strong>259.</strong></span> 
     </span>
    </p>

    <p class='ocr_par' dir='ltr' id='par_1_5' title="bbox 584 2120 3542 3227">
     <span class='ocr_line' id='line_1_17' title="bbox 760 2120 3530 2209; baseline 0 -22"><span class='ocrx_word' id='word_1_225' title='bbox 760 2122 1008 2189; x_wconf 87' lang='lat' dir='ltr'><strong>Eadem</strong></span> <span class='ocrx_word' id='word_1_226' title='bbox 1050 2121 1442 2209; x_wconf 74' lang='lat' dir='ltr'><strong>praepositio</strong></span> <span class='ocrx_word' id='word_1_227' title='bbox 1486 2143 1630 2186; x_wconf 88' lang='lat' dir='ltr'><strong>cum</strong></span> <span class='ocrx_word' id='word_1_228' title='bbox 1670 2120 2160 2207; x_wconf 78' lang='lat' dir='ltr'><strong>pronominibus</strong></span> <span class='ocrx_word' id='word_1_229' title='bbox 2205 2121 2451 2187; x_wconf 82' lang='lat' dir='ltr'><strong>suffixis</strong></span> <span class='ocrx_word' id='word_1_230' title='bbox 2495 2122 2576 2187; x_wconf 86' lang='lat' dir='ltr'><strong>ab</strong></span> <span class='ocrx_word' id='word_1_231' title='bbox 2621 2145 2699 2187; x_wconf 83' lang='lat' dir='ltr'><strong>ar</strong></span> <span class='ocrx_word' id='word_1_232' title='bbox 2741 2120 3064 2209; x_wconf 79' lang='lat' dir='ltr'><strong>primitiva</strong></span> <span class='ocrx_word' id='word_1_233' title='bbox 3107 2120 3224 2205; x_wconf 85' lang='lat' dir='ltr'><strong>(er,</strong></span> <span class='ocrx_word' id='word_1_234' title='bbox 3262 2122 3379 2206; x_wconf 72' lang='lat' dir='ltr'><strong>yr)</strong></span> <span class='ocrx_word' id='word_1_235' title='bbox 3421 2144 3530 2187; x_wconf 87' lang='lat' dir='ltr'><strong>se-</strong></span> 
     </span>
     <span class='ocr_line' id='line_1_18' title="bbox 596 2222 3532 2311; baseline -0.001 -20"><span class='ocrx_word' id='word_1_236' title='bbox 596 2223 875 2291; x_wconf 89' lang='lat' dir='ltr'><strong>cernitur</strong></span> <span class='ocrx_word' id='word_1_237' title='bbox 912 2224 1116 2291; x_wconf 84' lang='lat' dir='ltr'><strong>forma</strong></span> <span class='ocrx_word' id='word_1_238' title='bbox 1156 2231 1343 2288; x_wconf 85' lang='lat' dir='ltr'><strong>aucta</strong></span> <span class='ocrx_word' id='word_1_239' title='bbox 1371 2222 1575 2289; x_wconf 86' lang='lat' dir='ltr'>ARN.</span> <span class='ocrx_word' id='word_1_240' title='bbox 1666 2222 1845 2308; x_wconf 89' lang='lat' dir='ltr'><strong>Sing.</strong></span> <span class='ocrx_word' id='word_1_241' title='bbox 1897 2225 1950 2285; x_wconf 91' lang='lat'><strong>1.</strong></span> <span class='ocrx_word' id='word_1_242' title='bbox 1983 2244 2183 2307; x_wconf 76' lang='lat' dir='ltr'><strong>pers-2</strong></span> <span class='ocrx_word' id='word_1_243' title='bbox 2225 2246 2355 2308; x_wconf 80' lang='grc' dir='ltr'><strong>9ηα</strong></span> <span class='ocrx_word' id='word_1_244' title='bbox 2393 2245 2436 2308; x_wconf 87' lang='grc'><strong>9</strong></span> <span class='ocrx_word' id='word_1_245' title='bbox 2463 2226 2762 2311; x_wconf 72' lang='lat' dir='ltr'><strong>meneyeie</strong></span> <span class='ocrx_word' id='word_1_246' title='bbox 2801 2225 2832 2286; x_wconf 76' lang='lat' dir='ltr'><strong>i</strong></span> <span class='ocrx_word' id='word_1_247' title='bbox 2863 2244 2946 2309; x_wconf 75' lang='lat' dir='ltr'><strong>yr</strong></span> <span class='ocrx_word' id='word_1_248' title='bbox 2966 2244 3103 2309; x_wconf 69' lang='grc' dir='ltr'><strong>φα·</strong></span> <span class='ocrx_word' id='word_1_249' title='bbox 3125 2243 3266 2309; x_wconf 74' lang='lat' dir='ltr'><strong>pwy</strong></span> <span class='ocrx_word' id='word_1_250' title='bbox 3293 2224 3532 2295; x_wconf 81' lang='lat' dir='ltr'><strong>oedwn.</strong></span> 
     </span>
     <span class='ocr_line' id='line_1_19' title="bbox 596 2320 3542 2411; baseline 0 -21"><span class='ocrx_word' id='word_1_251' title='bbox 596 2348 673 2391; x_wconf 83' lang='lat' dir='ltr'><strong>ar</strong></span> <span class='ocrx_word' id='word_1_252' title='bbox 712 2320 921 2389; x_wconf 64' lang='lat' dir='ltr'><strong>keo-dec</strong></span> <span class='ocrx_word' id='word_1_253' title='bbox 961 2326 1076 2390; x_wconf 83' lang='lat' dir='ltr'><strong>oed</strong></span> <span class='ocrx_word' id='word_1_254' title='bbox 1100 2324 1309 2405; x_wconf 78' lang='lat' dir='ltr'><strong>arnas.</strong></span> <span class='ocrx_word' id='word_1_255' title='bbox 1356 2324 1683 2409; x_wconf 75' lang='lat' dir='ltr'><strong>adywedut</strong></span> <span class='ocrx_word' id='word_1_256' title='bbox 1721 2345 1799 2409; x_wconf 88' lang='grc' dir='ltr'><strong>υ9</strong></span> <span class='ocrx_word' id='word_1_257' title='bbox 1827 2336 1953 2387; x_wconf 79' lang='lat' dir='ltr'><strong>mot</strong></span> <span class='ocrx_word' id='word_1_258' title='bbox 1989 2345 2076 2408; x_wconf 74' lang='lat' dir='ltr'><strong>yn</strong></span> <span class='ocrx_word' id='word_1_259' title='bbox 2105 2322 2352 2388; x_wconf 70' lang='lat' dir='ltr'><strong>keissaw</strong></span> <span class='ocrx_word' id='word_1_260' title='bbox 2397 2323 2620 2409; x_wconf 72' lang='lat' dir='ltr'><strong>aorffet&#39;</strong></span> <span class='ocrx_word' id='word_1_261' title='bbox 2645 2326 2859 2409; x_wconf 70' lang='lat' dir='ltr'><strong>arnas.</strong></span> <span class='ocrx_word' id='word_1_262' title='bbox 2903 2345 3024 2389; x_wconf 78' lang='lat' dir='ltr'><strong>neu</strong></span> <span class='ocrx_word' id='word_1_263' title='bbox 3051 2326 3278 2388; x_wconf 71' lang='lat' dir='ltr'><strong>vinnm</strong></span> <span class='ocrx_word' id='word_1_264' title='bbox 3303 2326 3542 2411; x_wconf 53' lang='grc' dir='ltr'><strong>συνῄει·</strong></span> 
     </span>
     <span class='ocr_line' id='line_1_20' title="bbox 594 2424 3536 2513; baseline 0.001 -23"><span class='ocrx_word' id='word_1_265' title='bbox 594 2426 865 2511; x_wconf 80' lang='lat' dir='ltr'><strong>arbawp.</strong></span> <span class='ocrx_word' id='word_1_266' title='bbox 918 2449 994 2492; x_wconf 77' lang='lat' dir='ltr'><strong>ao</strong></span> <span class='ocrx_word' id='word_1_267' title='bbox 1030 2448 1159 2511; x_wconf 77' lang='lat' dir='ltr'><strong>yna</strong></span> <span class='ocrx_word' id='word_1_268' title='bbox 1201 2425 1431 2508; x_wconf 70' lang='lat' dir='ltr'><strong>edrych</strong></span> <span class='ocrx_word' id='word_1_269' title='bbox 1468 2446 1664 2489; x_wconf 78' lang='lat' dir='ltr'><strong>aoruc</strong></span> <span class='ocrx_word' id='word_1_270' title='bbox 1710 2448 1755 2511; x_wconf 88' lang='grc'><strong>9</strong></span> <span class='ocrx_word' id='word_1_271' title='bbox 1792 2448 1925 2512; x_wconf 71' lang='lat' dir='ltr'><strong>ywr</strong></span> <span class='ocrx_word' id='word_1_272' title='bbox 1970 2424 2176 2507; x_wconf 73' lang='lat' dir='ltr'><strong>amafi</strong></span> <span class='ocrx_word' id='word_1_273' title='bbox 2227 2446 2518 2511; x_wconf 71' lang='lat' dir='ltr'><strong>aqowemc</strong></span> <span class='ocrx_word' id='word_1_274' title='bbox 2575 2425 2736 2511; x_wconf 86' lang='lat' dir='ltr'><strong>(tum</strong></span> <span class='ocrx_word' id='word_1_275' title='bbox 2781 2426 2914 2491; x_wconf 84' lang='lat' dir='ltr'><strong>dixi</strong></span> <span class='ocrx_word' id='word_1_276' title='bbox 2975 2448 3092 2512; x_wconf 83' lang='lat' dir='ltr'><strong>ego</strong></span> <span class='ocrx_word' id='word_1_277' title='bbox 3151 2425 3322 2507; x_wconf 81' lang='lat' dir='ltr'><strong>viro,</strong></span> <span class='ocrx_word' id='word_1_278' title='bbox 3379 2429 3536 2513; x_wconf 87' lang='lat' dir='ltr'><strong>quis</strong></span> 
     </span>
     <span class='ocr_line' id='line_1_21' title="bbox 594 2525 3536 2617; baseline 0 -23"><span class='ocrx_word' id='word_1_279' title='bbox 594 2550 831 2609; x_wconf 84' lang='lat' dir='ltr'><strong>essem,</strong></span> <span class='ocrx_word' id='word_1_280' title='bbox 876 2536 940 2591; x_wconf 89' lang='lat' dir='ltr'><strong>et</strong></span> <span class='ocrx_word' id='word_1_281' title='bbox 978 2527 1101 2592; x_wconf 91' lang='lat' dir='ltr'><strong>iter</strong></span> <span class='ocrx_word' id='word_1_282' title='bbox 1144 2527 1316 2612; x_wconf 90' lang='lat' dir='ltr'><strong>quod</strong></span> <span class='ocrx_word' id='word_1_283' title='bbox 1358 2536 1493 2591; x_wconf 88' lang='lat' dir='ltr'><strong>erat</strong></span> <span class='ocrx_word' id='word_1_284' title='bbox 1532 2528 1932 2613; x_wconf 86' lang='lat' dir='ltr'><strong>propositum</strong></span> <span class='ocrx_word' id='word_1_285' title='bbox 1974 2525 2156 2608; x_wconf 86' lang='lat' dir='ltr'><strong>mihi,</strong></span> <span class='ocrx_word' id='word_1_286' title='bbox 2217 2536 2283 2591; x_wconf 90' lang='lat' dir='ltr'><strong>et</strong></span> <span class='ocrx_word' id='word_1_287' title='bbox 2327 2526 2568 2611; x_wconf 89' lang='lat' dir='ltr'><strong>dicere,</strong></span> <span class='ocrx_word' id='word_1_288' title='bbox 2621 2550 2721 2593; x_wconf 85' lang='lat' dir='ltr'><strong>me</strong></span> <span class='ocrx_word' id='word_1_289' title='bbox 2767 2550 2914 2594; x_wconf 87' lang='lat' dir='ltr'><strong>esse</strong></span> <span class='ocrx_word' id='word_1_290' title='bbox 2959 2536 3370 2613; x_wconf 77' lang='lat' dir='ltr'><strong>quaerentem</strong></span> <span class='ocrx_word' id='word_1_291' title='bbox 3415 2530 3536 2617; x_wconf 88' lang='lat' dir='ltr'><strong>qui</strong></span> 
     </span>
     <span class='ocr_line' id='line_1_22' title="bbox 592 2628 3537 2718; baseline 0.001 -25"><span class='ocrx_word' id='word_1_292' title='bbox 592 2650 693 2695; x_wconf 88' lang='lat' dir='ltr'><strong>me</strong></span> <span class='ocrx_word' id='word_1_293' title='bbox 737 2638 1093 2714; x_wconf 85' lang='lat' dir='ltr'><strong>superaret,</strong></span> <span class='ocrx_word' id='word_1_294' title='bbox 1152 2650 1235 2693; x_wconf 88' lang='lat' dir='ltr'><strong>an</strong></span> <span class='ocrx_word' id='word_1_295' title='bbox 1289 2650 1409 2715; x_wconf 80' lang='lat' dir='ltr'><strong>ego</strong></span> <span class='ocrx_word' id='word_1_296' title='bbox 1452 2650 1816 2716; x_wconf 79' lang='lat' dir='ltr'><strong>superarem</strong></span> <span class='ocrx_word' id='word_1_297' title='bbox 1858 2628 2178 2716; x_wconf 82' lang='lat' dir='ltr'><strong>quemvis3</strong></span> <span class='ocrx_word' id='word_1_298' title='bbox 2239 2636 2371 2694; x_wconf 89' lang='lat' dir='ltr'><strong>tum</strong></span> <span class='ocrx_word' id='word_1_299' title='bbox 2428 2629 2526 2693; x_wconf 81' lang='lat' dir='ltr'><strong>vir</strong></span> <span class='ocrx_word' id='word_1_300' title='bbox 2569 2631 2858 2718; x_wconf 81' lang='lat' dir='ltr'><strong>aspicere</strong></span> <span class='ocrx_word' id='word_1_301' title='bbox 2911 2652 3012 2695; x_wconf 89' lang='lat' dir='ltr'><strong>me</strong></span> <span class='ocrx_word' id='word_1_302' title='bbox 3055 2640 3122 2695; x_wconf 88' lang='lat' dir='ltr'><strong>et</strong></span> <span class='ocrx_word' id='word_1_303' title='bbox 3163 2630 3537 2717; x_wconf 82' lang='lat' dir='ltr'><strong>subridere)</strong></span> 
     </span>
     <span class='ocr_line' id='line_1_23' title="bbox 590 2728 3536 2817; baseline 0.002 -22"><span class='ocrx_word' id='word_1_304' title='bbox 590 2728 763 2796; x_wconf 78' lang='lat' dir='ltr'><strong>Mab.</strong></span> <span class='ocrx_word' id='word_1_305' title='bbox 803 2733 856 2811; x_wconf 93' lang='grc'><strong>1,</strong></span> <span class='ocrx_word' id='word_1_306' title='bbox 888 2732 946 2796; x_wconf 87' lang='grc'><strong>5.</strong></span> <span class='ocrx_word' id='word_1_307' title='bbox 1035 2732 1095 2796; x_wconf 91' lang='grc'><strong>2.</strong></span> <span class='ocrx_word' id='word_1_308' title='bbox 1139 2751 1340 2817; x_wconf 84' lang='lat' dir='ltr'><strong>pers.:</strong></span> <span class='ocrx_word' id='word_1_309' title='bbox 1403 2756 1445 2796; x_wconf 84' lang='lat' dir='ltr'><strong>a</strong></span> <span class='ocrx_word' id='word_1_310' title='bbox 1486 2754 1568 2794; x_wconf 82' lang='lat' dir='ltr'><strong>vu</strong></span> <span class='ocrx_word' id='word_1_311' title='bbox 1612 2732 1686 2815; x_wconf 66' lang='lat' dir='ltr'><strong>ef</strong></span> <span class='ocrx_word' id='word_1_312' title='bbox 1712 2740 1941 2817; x_wconf 72' lang='lat' dir='ltr'><strong>qennyt</strong></span> <span class='ocrx_word' id='word_1_313' title='bbox 1982 2731 2034 2793; x_wconf 69' lang='lat' dir='ltr'><strong>a·</strong></span> <span class='ocrx_word' id='word_1_314' title='bbox 2071 2754 2114 2793; x_wconf 86' lang='lat' dir='ltr'><strong>a</strong></span> <span class='ocrx_word' id='word_1_315' title='bbox 2149 2731 2513 2815; x_wconf 70' lang='lat' dir='ltr'><strong>qwneutkur</strong></span> <span class='ocrx_word' id='word_1_316' title='bbox 2569 2733 2801 2797; x_wconf 79' lang='lat' dir='ltr'><strong>amuod</strong></span> <span class='ocrx_word' id='word_1_317' title='bbox 2839 2742 3030 2797; x_wconf 76' lang='lat' dir='ltr'><strong>amat</strong></span> <span class='ocrx_word' id='word_1_318' title='bbox 3071 2731 3253 2816; x_wconf 89' lang='lat' dir='ltr'><strong>(num</strong></span> <span class='ocrx_word' id='word_1_319' title='bbox 3295 2732 3422 2797; x_wconf 83' lang='lat' dir='ltr'><strong>fuit</strong></span> <span class='ocrx_word' id='word_1_320' title='bbox 3472 2734 3536 2801; x_wconf 89' lang='lat' dir='ltr'><strong>is</strong></span> 
     </span>
     <span class='ocr_line' id='line_1_24' title="bbox 590 2831 3533 2920; baseline 0.002 -24"><span class='ocrx_word' id='word_1_321' title='bbox 590 2840 798 2897; x_wconf 90' lang='lat' dir='ltr'><strong>tecum</strong></span> <span class='ocrx_word' id='word_1_322' title='bbox 854 2843 919 2897; x_wconf 89' lang='lat' dir='ltr'><strong>et</strong></span> <span class='ocrx_word' id='word_1_323' title='bbox 958 2832 1113 2899; x_wconf 83' lang='lat' dir='ltr'><strong>fecit</strong></span> <span class='ocrx_word' id='word_1_324' title='bbox 1165 2831 1459 2898; x_wconf 87' lang='lat' dir='ltr'><strong>iniuriam</strong></span> <span class='ocrx_word' id='word_1_325' title='bbox 1500 2832 1571 2897; x_wconf 89' lang='lat' dir='ltr'><strong>in</strong></span> <span class='ocrx_word' id='word_1_326' title='bbox 1612 2842 1677 2898; x_wconf 87' lang='lat' dir='ltr'><strong>te</strong></span> <span class='ocrx_word' id='word_1_327' title='bbox 1689 2832 1750 2917; x_wconf 83' lang='lat'><strong>?)</strong></span> <span class='ocrx_word' id='word_1_328' title='bbox 1810 2834 1866 2914; x_wconf 89' lang='lat'><strong>1,</strong></span> <span class='ocrx_word' id='word_1_329' title='bbox 1900 2832 2041 2896; x_wconf 85' lang='grc'><strong>240.</strong></span> <span class='ocrx_word' id='word_1_330' title='bbox 2101 2852 2192 2917; x_wconf 81' lang='lat' dir='ltr'><strong>pa</strong></span> <span class='ocrx_word' id='word_1_331' title='bbox 2235 2832 2592 2917; x_wconf 68' lang='lat' dir='ltr'><strong>diaspedein</strong></span> <span class='ocrx_word' id='word_1_332' title='bbox 2630 2835 2820 2920; x_wconf 67' lang='lat' dir='ltr'><strong>yseyd</strong></span> <span class='ocrx_word' id='word_1_333' title='bbox 2857 2845 3048 2898; x_wconf 79' lang='lat' dir='ltr'><strong>arnat</strong></span> <span class='ocrx_word' id='word_1_334' title='bbox 3100 2834 3298 2920; x_wconf 87' lang='lat' dir='ltr'><strong>(quae</strong></span> <span class='ocrx_word' id='word_1_335' title='bbox 3339 2836 3533 2901; x_wconf 74' lang='lat' dir='ltr'><strong>voci·</strong></span> 
     </span>
     <span class='ocr_line' id='line_1_25' title="bbox 584 2932 3536 3021; baseline 0.002 -22"><span class='ocrx_word' id='word_1_336' title='bbox 584 2934 811 3001; x_wconf 88' lang='lat' dir='ltr'><strong>feratio</strong></span> <span class='ocrx_word' id='word_1_337' title='bbox 856 2944 956 3001; x_wconf 90' lang='lat' dir='ltr'><strong>est</strong></span> <span class='ocrx_word' id='word_1_338' title='bbox 996 2934 1065 3000; x_wconf 89' lang='lat' dir='ltr'><strong>in</strong></span> <span class='ocrx_word' id='word_1_339' title='bbox 1092 2934 1232 3018; x_wconf 80' lang='lat' dir='ltr'><strong>te?)</strong></span> <span class='ocrx_word' id='word_1_340' title='bbox 1282 2937 1337 3015; x_wconf 89' lang='lat'><strong>1,</strong></span> <span class='ocrx_word' id='word_1_341' title='bbox 1370 2936 1513 3000; x_wconf 79' lang='grc'><strong>248.</strong></span> <span class='ocrx_word' id='word_1_342' title='bbox 1568 2946 1677 3020; x_wconf 76' lang='lat' dir='ltr'><strong>nyt</strong></span> <span class='ocrx_word' id='word_1_343' title='bbox 1718 2944 1910 2999; x_wconf 77' lang='lat' dir='ltr'><strong>amat</strong></span> <span class='ocrx_word' id='word_1_344' title='bbox 1949 2934 2003 2996; x_wconf 76' lang='lat' dir='ltr'><strong>ti</strong></span> <span class='ocrx_word' id='word_1_345' title='bbox 2036 2956 2081 3019; x_wconf 91' lang='grc'><em>9</em></span> <span class='ocrx_word' id='word_1_346' title='bbox 2125 2932 2248 3019; x_wconf 74' lang='lat' dir='ltr'><strong>byd</strong></span> <span class='ocrx_word' id='word_1_347' title='bbox 2282 2955 2326 3019; x_wconf 92' lang='grc'><em>9</em></span> <span class='ocrx_word' id='word_1_348' title='bbox 2353 2933 2562 3020; x_wconf 70' lang='lat' dir='ltr'><strong>keryd.</strong></span> <span class='ocrx_word' id='word_1_349' title='bbox 2605 2956 2841 3021; x_wconf 75' lang='lat' dir='ltr'><strong>namyn</strong></span> <span class='ocrx_word' id='word_1_350' title='bbox 2887 2934 3095 3017; x_wconf 70' lang='lat' dir='ltr'><strong>arnqfi</strong></span> <span class='ocrx_word' id='word_1_351' title='bbox 3137 2935 3304 3020; x_wconf 91' lang='lat' dir='ltr'><strong>(non</strong></span> <span class='ocrx_word' id='word_1_352' title='bbox 3345 2938 3420 3002; x_wconf 91' lang='lat' dir='ltr'><strong>in</strong></span> <span class='ocrx_word' id='word_1_353' title='bbox 3463 2950 3536 3005; x_wconf 84' lang='lat' dir='ltr'><strong>te</strong></span> 
     </span>
     <span class='ocr_line' id='line_1_26' title="bbox 592 3036 3538 3125; baseline 0.002 -25"><span class='ocrx_word' id='word_1_354' title='bbox 592 3036 715 3101; x_wconf 91' lang='lat' dir='ltr'><strong>erit</strong></span> <span class='ocrx_word' id='word_1_355' title='bbox 752 3036 1188 3123; x_wconf 75' lang='lat' dir='ltr'><strong>reprehensis,</strong></span> <span class='ocrx_word' id='word_1_356' title='bbox 1236 3036 1351 3103; x_wconf 89' lang='lat' dir='ltr'><strong>sed</strong></span> <span class='ocrx_word' id='word_1_357' title='bbox 1392 3037 1461 3102; x_wconf 88' lang='lat' dir='ltr'><strong>in</strong></span> <span class='ocrx_word' id='word_1_358' title='bbox 1502 3037 1637 3122; x_wconf 90' lang='lat' dir='ltr'><strong>me)</strong></span> <span class='ocrx_word' id='word_1_359' title='bbox 1688 3039 1746 3117; x_wconf 90' lang='lat'><strong>1,</strong></span> <span class='ocrx_word' id='word_1_360' title='bbox 1779 3036 1924 3099; x_wconf 82' lang='lat'><strong>246.</strong></span> <span class='ocrx_word' id='word_1_361' title='bbox 2013 3036 2070 3100; x_wconf 91' lang='grc'><strong>3.</strong></span> <span class='ocrx_word' id='word_1_362' title='bbox 2114 3057 2284 3123; x_wconf 86' lang='lat' dir='ltr'><strong>pers.</strong></span> <span class='ocrx_word' id='word_1_363' title='bbox 2327 3056 2554 3101; x_wconf 87' lang='lat' dir='ltr'><strong>masc.:</strong></span> <span class='ocrx_word' id='word_1_364' title='bbox 2592 3058 2728 3121; x_wconf 75' lang='lat' dir='ltr'><strong>pan</strong></span> <span class='ocrx_word' id='word_1_365' title='bbox 2769 3038 3084 3124; x_wconf 68' lang='lat' dir='ltr'><strong>edvyclten&#39;s</strong></span> <span class='ocrx_word' id='word_1_366' title='bbox 3122 3060 3202 3101; x_wconf 76' lang='lat' dir='ltr'><strong>ar</strong></span> <span class='ocrx_word' id='word_1_367' title='bbox 3235 3061 3284 3125; x_wconf 90' lang='grc'><strong>9</strong></span> <span class='ocrx_word' id='word_1_368' title='bbox 3315 3061 3538 3124; x_wconf 65' lang='lat' dir='ltr'><strong>prema</strong></span> 
     </span>
     <span class='ocr_line' id='line_1_27' title="bbox 586 3136 3534 3227; baseline 0.003 -27"><span class='ocrx_word' id='word_1_369' title='bbox 586 3150 699 3223; x_wconf 71' lang='lat' dir='ltr'><strong>nyt</strong></span> <span class='ocrx_word' id='word_1_370' title='bbox 738 3140 850 3203; x_wconf 84' lang='lat' dir='ltr'><strong>oed</strong></span> <span class='ocrx_word' id='word_1_371' title='bbox 888 3164 977 3202; x_wconf 75' lang='lat' dir='ltr'><strong>un</strong></span> <span class='ocrx_word' id='word_1_372' title='bbox 1007 3138 1191 3202; x_wconf 72' lang='lat' dir='ltr'><strong>dalem</strong></span> <span class='ocrx_word' id='word_1_373' title='bbox 1234 3160 1454 3203; x_wconf 81' lang='lat' dir='ltr'><strong>arnaw</strong></span> <span class='ocrx_word' id='word_1_374' title='bbox 1499 3137 1677 3222; x_wconf 87' lang='lat' dir='ltr'><strong>(cum</strong></span> <span class='ocrx_word' id='word_1_375' title='bbox 1704 3136 2092 3223; x_wconf 85' lang='lat' dir='ltr'><strong>inspicerem</strong></span> <span class='ocrx_word' id='word_1_376' title='bbox 2139 3138 2446 3219; x_wconf 85' lang='lat' dir='ltr'><strong>arborem,</strong></span> <span class='ocrx_word' id='word_1_377' title='bbox 2491 3160 2622 3204; x_wconf 88' lang='lat' dir='ltr'><strong>non</strong></span> <span class='ocrx_word' id='word_1_378' title='bbox 2653 3147 2790 3205; x_wconf 85' lang='lat' dir='ltr'><strong>erat</strong></span> <span class='ocrx_word' id='word_1_379' title='bbox 2831 3146 3022 3204; x_wconf 87' lang='lat' dir='ltr'><strong>unum</strong></span> <span class='ocrx_word' id='word_1_380' title='bbox 3049 3139 3268 3206; x_wconf 88' lang='lat' dir='ltr'><strong>folium</strong></span> <span class='ocrx_word' id='word_1_381' title='bbox 3314 3140 3389 3207; x_wconf 91' lang='lat' dir='ltr'><strong>in</strong></span> <span class='ocrx_word' id='word_1_382' title='bbox 3421 3142 3534 3227; x_wconf 85' lang='lat' dir='ltr'><strong>ea)</strong></span> 
     </span>
    </p>
   </div>
   <div class='ocr_carea' id='block_1_3' title="bbox 594 3238 3669 3329">
    <p class='ocr_par' dir='ltr' id='par_1_6' title="bbox 594 3238 3669 3329">
     <span class='ocr_line' id='line_1_28' title="bbox 594 3238 3669 3329; baseline 0.002 -25"><span class='ocrx_word' id='word_1_383' title='bbox 594 3243 647 3322; x_wconf 86' lang='lat'><strong>1,</strong></span> <span class='ocrx_word' id='word_1_384' title='bbox 678 3241 740 3304; x_wconf 82' lang='lat'><strong>9.</strong></span> <span class='ocrx_word' id='word_1_385' title='bbox 829 3238 1037 3305; x_wconf 87' lang='lat' dir='ltr'><strong>Fem.:</strong></span> <span class='ocrx_word' id='word_1_386' title='bbox 1100 3250 1211 3325; x_wconf 76' lang='lat' dir='ltr'><strong>nyt</strong></span> <span class='ocrx_word' id='word_1_387' title='bbox 1249 3240 1362 3303; x_wconf 82' lang='lat' dir='ltr'><strong>oed</strong></span> <span class='ocrx_word' id='word_1_388' title='bbox 1400 3262 1487 3303; x_wconf 79' lang='lat' dir='ltr'><strong>un</strong></span> <span class='ocrx_word' id='word_1_389' title='bbox 1524 3238 1783 3325; x_wconf 73' lang='lat' dir='ltr'><strong>ystyllen</strong></span> <span class='ocrx_word' id='word_1_390' title='bbox 1824 3238 1937 3303; x_wconf 70' lang='lat' dir='ltr'><strong>heb</strong></span> <span class='ocrx_word' id='word_1_391' title='bbox 1980 3240 2133 3303; x_wconf 83' lang='lat' dir='ltr'><strong>delw</strong></span> <span class='ocrx_word' id='word_1_392' title='bbox 2175 3239 2366 3303; x_wconf 59' lang='lat' dir='ltr'><strong>eur-eit</strong></span> <span class='ocrx_word' id='word_1_393' title='bbox 2407 3242 2589 3305; x_wconf 64' lang='lat' dir='ltr'><strong>carnei</strong></span> <span class='ocrx_word' id='word_1_394' title='bbox 2629 3239 2790 3325; x_wconf 88' lang='lat' dir='ltr'><strong>(non</strong></span> <span class='ocrx_word' id='word_1_395' title='bbox 2831 3250 2969 3307; x_wconf 87' lang='lat' dir='ltr'><strong>erat</strong></span> <span class='ocrx_word' id='word_1_396' title='bbox 3005 3264 3200 3307; x_wconf 86' lang='lat' dir='ltr'><strong>unum</strong></span> <span class='ocrx_word' id='word_1_397' title='bbox 3243 3244 3534 3329; x_wconf 85' lang='lat' dir='ltr'><strong>spatium</strong></span> <span class='ocrx_word' id='word_1_398' title='bbox 3667 3296 3669 3301; x_wconf 18' lang='grc' dir='ltr'><em>Α</em></span> 
     </span>
    </p>
   </div>
   <div class='ocr_carea' id='block_1_4' title="bbox 583 3340 3540 4244">
    <p class='ocr_par' dir='ltr' id='par_1_7' title="bbox 583 3340 3540 4244">
     <span class='ocr_line' id='line_1_29' title="bbox 588 3340 3540 3430; baseline 0.002 -24"><span class='ocrx_word' id='word_1_399' title='bbox 588 3340 730 3406; x_wconf 88' lang='lat' dir='ltr'><strong>sine</strong></span> <span class='ocrx_word' id='word_1_400' title='bbox 774 3340 985 3425; x_wconf 83' lang='lat' dir='ltr'><strong>effigie</strong></span> <span class='ocrx_word' id='word_1_401' title='bbox 1031 3350 1253 3406; x_wconf 88' lang='lat' dir='ltr'><strong>aurata</strong></span> <span class='ocrx_word' id='word_1_402' title='bbox 1292 3342 1361 3405; x_wconf 89' lang='lat' dir='ltr'><strong>in</strong></span> <span class='ocrx_word' id='word_1_403' title='bbox 1405 3342 1513 3426; x_wconf 92' lang='lat' dir='ltr'><strong>eo)</strong></span> <span class='ocrx_word' id='word_1_404' title='bbox 1561 3343 1615 3421; x_wconf 90' lang='lat'><strong>1,</strong></span> <span class='ocrx_word' id='word_1_405' title='bbox 1652 3342 1750 3406; x_wconf 92' lang='grc'><strong>15.</strong></span> <span class='ocrx_word' id='word_1_406' title='bbox 1801 3362 1845 3425; x_wconf 85' lang='grc'><strong>9</strong></span> <span class='ocrx_word' id='word_1_407' title='bbox 1883 3342 2097 3427; x_wconf 73' lang='lat' dir='ltr'><strong>qwelei</strong></span> <span class='ocrx_word' id='word_1_408' title='bbox 2137 3340 2215 3425; x_wconf 87' lang='lat' dir='ltr'><strong>ef</strong></span> <span class='ocrx_word' id='word_1_409' title='bbox 2237 3363 2319 3427; x_wconf 74' lang='lat' dir='ltr'><strong>yr</strong></span> <span class='ocrx_word' id='word_1_410' title='bbox 2347 3341 2492 3405; x_wconf 82' lang='lat' dir='ltr'><strong>elor.</strong></span> <span class='ocrx_word' id='word_1_411' title='bbox 2539 3342 2748 3405; x_wconf 78' lang='lat' dir='ltr'><strong>allenn</strong></span> <span class='ocrx_word' id='word_1_412' title='bbox 2790 3363 2826 3406; x_wconf 92' lang='lat' dir='ltr'><strong>o</strong></span> <span class='ocrx_word' id='word_1_413' title='bbox 2853 3343 3052 3407; x_wconf 67' lang='lat' dir='ltr'><strong>valiant</strong></span> <span class='ocrx_word' id='word_1_414' title='bbox 3085 3366 3314 3430; x_wconf 70' lang='lat' dir='ltr'><strong>qurm</strong></span> <span class='ocrx_word' id='word_1_415' title='bbox 3346 3349 3540 3411; x_wconf 64' lang='lat' dir='ltr'><strong>amet·</strong></span> 
     </span>
     <span class='ocr_line' id='line_1_30' title="bbox 586 3440 3536 3533; baseline 0.002 -27"><span class='ocrx_word' id='word_1_416' title='bbox 586 3440 780 3524; x_wconf 84' lang='lat' dir='ltr'><strong>(vidit</strong></span> <span class='ocrx_word' id='word_1_417' title='bbox 819 3440 1117 3507; x_wconf 85' lang='lat' dir='ltr'><strong>feretrum</strong></span> <span class='ocrx_word' id='word_1_418' title='bbox 1174 3452 1239 3508; x_wconf 91' lang='lat' dir='ltr'><strong>et</strong></span> <span class='ocrx_word' id='word_1_419' title='bbox 1278 3452 1532 3527; x_wconf 77' lang='lat' dir='ltr'><strong>tegmen</strong></span> <span class='ocrx_word' id='word_1_420' title='bbox 1584 3442 1703 3506; x_wconf 91' lang='lat' dir='ltr'><strong>lini</strong></span> <span class='ocrx_word' id='word_1_421' title='bbox 1747 3440 1876 3507; x_wconf 85' lang='lat' dir='ltr'><strong>albi</strong></span> <span class='ocrx_word' id='word_1_422' title='bbox 1919 3440 1988 3504; x_wconf 88' lang='lat' dir='ltr'><strong>in</strong></span> <span class='ocrx_word' id='word_1_423' title='bbox 2029 3443 2138 3527; x_wconf 93' lang='lat' dir='ltr'><strong>eo)</strong></span> <span class='ocrx_word' id='word_1_424' title='bbox 2203 3447 2255 3524; x_wconf 85' lang='lat' dir='ltr'><strong>l,</strong></span> <span class='ocrx_word' id='word_1_425' title='bbox 2291 3444 2406 3533; x_wconf 23' lang='lat'><strong>16..</strong></span> <span class='ocrx_word' id='word_1_426' title='bbox 2493 3442 2620 3509; x_wconf 82' lang='lat' dir='ltr'><strong>Est</strong></span> <span class='ocrx_word' id='word_1_427' title='bbox 2661 3442 2850 3508; x_wconf 83' lang='lat' dir='ltr'><strong>etiam</strong></span> <span class='ocrx_word' id='word_1_428' title='bbox 2902 3442 3174 3511; x_wconf 78' lang='lat' dir='ltr'><strong>formula</strong></span> <span class='ocrx_word' id='word_1_429' title='bbox 3210 3444 3536 3513; x_wconf 86' lang='lat' dir='ltr'><strong>feminina</strong></span> 
     </span>
     <span class='ocr_line' id='line_1_31' title="bbox 584 3542 3535 3633; baseline 0.003 -28"><span class='ocrx_word' id='word_1_430' title='bbox 584 3542 922 3607; x_wconf 83' lang='lat' dir='ltr'><strong>terminata</strong></span> <span class='ocrx_word' id='word_1_431' title='bbox 974 3546 1003 3607; x_wconf 78' lang='lat' dir='ltr'><strong>i</strong></span> <span class='ocrx_word' id='word_1_432' title='bbox 1011 3593 1028 3626; x_wconf 90' lang='lat'>‚</span> <span class='ocrx_word' id='word_1_433' title='bbox 1095 3544 1419 3609; x_wconf 87' lang='lat' dir='ltr'><strong>inficiente</strong></span> <span class='ocrx_word' id='word_1_434' title='bbox 1483 3543 1770 3609; x_wconf 80' lang='lat' dir='ltr'><strong>vocalem</strong></span> <span class='ocrx_word' id='word_1_435' title='bbox 1827 3544 2352 3629; x_wconf 79' lang='lat' dir='ltr'><strong>praepositionis:</strong></span> <span class='ocrx_word' id='word_1_436' title='bbox 2435 3544 2588 3608; x_wconf 72' lang='lat' dir='ltr'><strong>llech</strong></span> <span class='ocrx_word' id='word_1_437' title='bbox 2639 3545 2899 3631; x_wconf 76' lang='grc' dir='ltr'><em>9π9ηι91</em></span> <span class='ocrx_word' id='word_1_438' title='bbox 2953 3568 2999 3631; x_wconf 90' lang='grc'><strong>9</strong></span> <span class='ocrx_word' id='word_1_439' title='bbox 3031 3546 3389 3633; x_wconf 68' lang='lat' dir='ltr'><strong>ffymtawn.</strong></span> <span class='ocrx_word' id='word_1_440' title='bbox 3449 3572 3535 3615; x_wconf 84' lang='lat' dir='ltr'><strong>ar</strong></span> 
     </span>
     <span class='ocr_line' id='line_1_32' title="bbox 584 3644 3530 3735; baseline 0.004 -28"><span class='ocrx_word' id='word_1_441' title='bbox 584 3644 753 3707; x_wconf 74' lang='lat' dir='ltr'><strong>hau-0</strong></span> <span class='ocrx_word' id='word_1_442' title='bbox 795 3646 933 3707; x_wconf 74' lang='lat' dir='ltr'><strong>erni</strong></span> <span class='ocrx_word' id='word_1_443' title='bbox 974 3644 1172 3732; x_wconf 85' lang='lat' dir='ltr'><strong>(lapis</strong></span> <span class='ocrx_word' id='word_1_444' title='bbox 1216 3654 1363 3711; x_wconf 86' lang='lat' dir='ltr'><strong>ante</strong></span> <span class='ocrx_word' id='word_1_445' title='bbox 1404 3644 1727 3710; x_wconf 78' lang='lat' dir='ltr'><strong>fontanam</strong></span> <span class='ocrx_word' id='word_1_446' title='bbox 1772 3652 1835 3711; x_wconf 92' lang='lat' dir='ltr'><strong>et</strong></span> <span class='ocrx_word' id='word_1_447' title='bbox 1877 3644 2030 3709; x_wconf 86' lang='lat' dir='ltr'><strong>lanx</strong></span> <span class='ocrx_word' id='word_1_448' title='bbox 2075 3668 2268 3733; x_wconf 86' lang='lat' dir='ltr'><strong>super</strong></span> <span class='ocrx_word' id='word_1_449' title='bbox 2298 3646 2469 3730; x_wconf 89' lang='lat' dir='ltr'><strong>eum)</strong></span> <span class='ocrx_word' id='word_1_450' title='bbox 2519 3647 2573 3726; x_wconf 93' lang='lat'><strong>1,</strong></span> <span class='ocrx_word' id='word_1_451' title='bbox 2609 3647 2707 3711; x_wconf 86' lang='lat'><strong>13.</strong></span> <span class='ocrx_word' id='word_1_452' title='bbox 2771 3648 2844 3729; x_wconf 66' lang='lat' dir='ltr'><strong>eff</strong></span> <span class='ocrx_word' id='word_1_453' title='bbox 2875 3649 3088 3712; x_wconf 73' lang='lat' dir='ltr'><strong>awelei</strong></span> <span class='ocrx_word' id='word_1_454' title='bbox 3120 3670 3276 3735; x_wconf 73' lang='lat' dir='ltr'><strong>quer</strong></span> <span class='ocrx_word' id='word_1_455' title='bbox 3317 3672 3530 3719; x_wconf 74' lang='lat' dir='ltr'><strong>umor.</strong></span> 
     </span>
     <span class='ocr_line' id='line_1_33' title="bbox 586 3743 3528 3833; baseline 0.004 -26"><span class='ocrx_word' id='word_1_456' title='bbox 586 3743 842 3829; x_wconf 69' lang='lat' dir='ltr'><strong>atkyt’eu</strong></span> <span class='ocrx_word' id='word_1_457' title='bbox 883 3745 1127 3812; x_wconf 73' lang='lat' dir='ltr'><strong>leudam</strong></span> <span class='ocrx_word' id='word_1_458' title='bbox 1171 3748 1340 3832; x_wconf 73' lang='lat' dir='ltr'><strong>amyl</strong></span> <span class='ocrx_word' id='word_1_459' title='bbox 1380 3747 1518 3825; x_wconf 61' lang='lat' dir='ltr'><strong>evei</strong></span> <span class='ocrx_word' id='word_1_460' title='bbox 1556 3746 1644 3830; x_wconf 90' lang='lat' dir='ltr'><strong>(is</strong></span> <span class='ocrx_word' id='word_1_461' title='bbox 1676 3747 1935 3813; x_wconf 83' lang='lat' dir='ltr'><strong>videbat</strong></span> <span class='ocrx_word' id='word_1_462' title='bbox 1977 3756 2252 3813; x_wconf 84' lang='lat' dir='ltr'><strong>castrum</strong></span> <span class='ocrx_word' id='word_1_463' title='bbox 2291 3770 2594 3833; x_wconf 86' lang='lat' dir='ltr'><strong>magnum</strong></span> <span class='ocrx_word' id='word_1_464' title='bbox 2639 3757 2702 3812; x_wconf 86' lang='lat' dir='ltr'><strong>et</strong></span> <span class='ocrx_word' id='word_1_465' title='bbox 2739 3756 2946 3814; x_wconf 89' lang='lat' dir='ltr'><strong>turres</strong></span> <span class='ocrx_word' id='word_1_466' title='bbox 2989 3750 3202 3817; x_wconf 85' lang='lat' dir='ltr'><strong>firmas</strong></span> <span class='ocrx_word' id='word_1_467' title='bbox 3251 3754 3528 3821; x_wconf 80' lang='lat' dir='ltr'><strong>crebras</strong></span> 
     </span>
     <span class='ocr_line' id='line_1_34' title="bbox 586 3845 3528 3939; baseline 0.004 -30"><span class='ocrx_word' id='word_1_468' title='bbox 586 3845 673 3939; x_wconf 25' lang='lat' dir='ltr'><strong>in·</strong></span> <span class='ocrx_word' id='word_1_469' title='bbox 698 3845 807 3929; x_wconf 91' lang='lat' dir='ltr'><strong>eo)</strong></span> <span class='ocrx_word' id='word_1_470' title='bbox 856 3848 914 3929; x_wconf 85' lang='lat'><strong>1,</strong></span> <span class='ocrx_word' id='word_1_471' title='bbox 950 3848 1093 3914; x_wconf 90' lang='grc'><strong>250.</strong></span> <span class='ocrx_word' id='word_1_472' title='bbox 1154 3849 1266 3935; x_wconf 73' lang='lat' dir='ltr'><strong>llys</strong></span> <span class='ocrx_word' id='word_1_473' title='bbox 1306 3848 1515 3913; x_wconf 66' lang='lat' dir='ltr'><strong>iao-[lea</strong></span> <span class='ocrx_word' id='word_1_474' title='bbox 1553 3872 1597 3934; x_wconf 91' lang='grc'><em>9</em></span> <span class='ocrx_word' id='word_1_475' title='bbox 1638 3848 1916 3933; x_wconf 82' lang='lat' dir='ltr'><strong>lcampeu.</strong></span> <span class='ocrx_word' id='word_1_476' title='bbox 1961 3871 2053 3934; x_wconf 78' lang='lat' dir='ltr'><strong>py</strong></span> <span class='ocrx_word' id='word_1_477' title='bbox 2091 3870 2358 3935; x_wconf 71' lang='lat' dir='ltr'><strong>qampeu</strong></span> <span class='ocrx_word' id='word_1_478' title='bbox 2397 3851 2585 3934; x_wconf 69' lang='lat' dir='ltr'><strong>yssyd</strong></span> <span class='ocrx_word' id='word_1_479' title='bbox 2625 3850 2765 3913; x_wconf 75' lang='lat' dir='ltr'><strong>erni</strong></span> <span class='ocrx_word' id='word_1_480' title='bbox 2802 3850 2874 3913; x_wconf 65' lang='lat' dir='ltr'><strong>ha·</strong></span> <span class='ocrx_word' id='word_1_481' title='bbox 2922 3849 3102 3935; x_wconf 86' lang='lat' dir='ltr'><strong>(aula</strong></span> <span class='ocrx_word' id='word_1_482' title='bbox 3144 3854 3528 3921; x_wconf 81' lang='lat' dir='ltr'><strong>comitissae</strong></span> 
     </span>
     <span class='ocr_line' id='line_1_35' title="bbox 590 3948 3524 4037; baseline 0.003 -25"><span class='ocrx_word' id='word_1_483' title='bbox 590 3970 801 4013; x_wconf 85' lang='lat' dir='ltr'><strong>rerum</strong></span> <span class='ocrx_word' id='word_1_484' title='bbox 855 3948 1101 4015; x_wconf 84' lang='lat' dir='ltr'><strong>fortiter</strong></span> <span class='ocrx_word' id='word_1_485' title='bbox 1143 3960 1493 4037; x_wconf 84' lang='lat' dir='ltr'><strong>gestarum3</strong></span> <span class='ocrx_word' id='word_1_486' title='bbox 1556 3972 1719 4036; x_wconf 83' lang='lat' dir='ltr'><strong>quae</strong></span> <span class='ocrx_word' id='word_1_487' title='bbox 1770 3960 1924 4015; x_wconf 87' lang='lat' dir='ltr'><strong>sunt</strong></span> <span class='ocrx_word' id='word_1_488' title='bbox 1961 3972 2066 4015; x_wconf 91' lang='lat' dir='ltr'><strong>res</strong></span> <span class='ocrx_word' id='word_1_489' title='bbox 2121 3949 2366 4015; x_wconf 82' lang='lat' dir='ltr'><strong>fortiter</strong></span> <span class='ocrx_word' id='word_1_490' title='bbox 2407 3960 2626 4037; x_wconf 79' lang='lat' dir='ltr'><strong>gestae</strong></span> <span class='ocrx_word' id='word_1_491' title='bbox 2678 3950 2748 4015; x_wconf 92' lang='lat' dir='ltr'><strong>in</strong></span> <span class='ocrx_word' id='word_1_492' title='bbox 2791 3951 2940 4035; x_wconf 82' lang='lat' dir='ltr'><strong>ea?)</strong></span> <span class='ocrx_word' id='word_1_493' title='bbox 2991 3950 3054 4034; x_wconf 78' lang='lat'><strong>&#39;1,</strong></span> <span class='ocrx_word' id='word_1_494' title='bbox 3087 3954 3230 4019; x_wconf 89' lang='grc'><strong>271.</strong></span> <span class='ocrx_word' id='word_1_495' title='bbox 3334 3952 3524 4021; x_wconf 86' lang='lat' dir='ltr'><strong>Plur.</strong></span> 
     </span>
     <span class='ocr_line' id='line_1_36' title="bbox 592 4051 3528 4141; baseline 0.004 -29"><span class='ocrx_word' id='word_1_496' title='bbox 592 4052 643 4113; x_wconf 93' lang='lat' dir='ltr'><strong>l.</strong></span> <span class='ocrx_word' id='word_1_497' title='bbox 691 4072 887 4136; x_wconf 87' lang='lat' dir='ltr'><strong>pers.:</strong></span> <span class='ocrx_word' id='word_1_498' title='bbox 956 4072 1103 4115; x_wconf 66' lang='lat' dir='ltr'><strong>corn</strong></span> <span class='ocrx_word' id='word_1_499' title='bbox 1140 4074 1185 4136; x_wconf 88' lang='grc'><em>9</em></span> <span class='ocrx_word' id='word_1_500' title='bbox 1222 4052 1460 4115; x_wconf 74' lang='grc' dir='ltr'><strong>ωαίἰαω</strong></span> <span class='ocrx_word' id='word_1_501' title='bbox 1502 4073 1729 4115; x_wconf 78' lang='lat' dir='ltr'><strong>arnam</strong></span> <span class='ocrx_word' id='word_1_502' title='bbox 1770 4052 2000 4136; x_wconf 90' lang='lat' dir='ltr'><strong>(cornu</strong></span> <span class='ocrx_word' id='word_1_503' title='bbox 2043 4051 2541 4119; x_wconf 80' lang='lat' dir='ltr'><strong>exhauriendum</strong></span> <span class='ocrx_word' id='word_1_504' title='bbox 2580 4052 2801 4137; x_wconf 85' lang='lat' dir='ltr'><strong>nobis)</strong></span> <span class='ocrx_word' id='word_1_505' title='bbox 2856 4052 2916 4134; x_wconf 92' lang='grc'><strong>2,</strong></span> <span class='ocrx_word' id='word_1_506' title='bbox 2961 4054 3104 4119; x_wconf 86' lang='grc'><strong>223.</strong></span> <span class='ocrx_word' id='word_1_507' title='bbox 3201 4058 3262 4119; x_wconf 89' lang='grc'><strong>2.</strong></span> <span class='ocrx_word' id='word_1_508' title='bbox 3305 4077 3491 4141; x_wconf 76' lang='lat' dir='ltr'><strong>pers.</strong></span> <span class='ocrx_word' id='word_1_509' title='bbox 3509 4083 3528 4122; x_wconf 79' lang='lat' dir='ltr'><strong>t</strong></span> 
     </span>
     <span class='ocr_line' id='line_1_37' title="bbox 583 4152 3531 4244; baseline 0.003 -31"><span class='ocrx_word' id='word_1_510' title='bbox 583 4174 649 4214; x_wconf 74' lang='lat' dir='ltr'><strong>oe</strong></span> <span class='ocrx_word' id='word_1_511' title='bbox 684 4152 867 4237; x_wconf 73' lang='lat' dir='ltr'><strong>qofut</strong></span> <span class='ocrx_word' id='word_1_512' title='bbox 921 4176 961 4216; x_wconf 85' lang='grc' dir='ltr'><em>α</em></span> <span class='ocrx_word' id='word_1_513' title='bbox 1004 4155 1146 4217; x_wconf 83' lang='lat' dir='ltr'><strong>daw</strong></span> <span class='ocrx_word' id='word_1_514' title='bbox 1186 4152 1479 4217; x_wconf 76' lang='lat' dir='ltr'><strong>arnawck</strong></span> <span class='ocrx_word' id='word_1_515' title='bbox 1532 4174 1596 4215; x_wconf 76' lang='grc' dir='ltr'><strong>οε</strong></span> <span class='ocrx_word' id='word_1_516' title='bbox 1633 4153 1852 4239; x_wconf 73' lang='lat' dir='ltr'><strong>yallafi</strong></span> <span class='ocrx_word' id='word_1_517' title='bbox 1893 4152 1974 4217; x_wconf 77' lang='lat' dir='ltr'><strong>les</strong></span> <span class='ocrx_word' id='word_1_518' title='bbox 2014 4154 2107 4217; x_wconf 80' lang='lat' dir='ltr'><strong>mi</strong></span> <span class='ocrx_word' id='word_1_519' title='bbox 2144 4176 2214 4217; x_wconf 84' lang='lat' dir='ltr'><strong>ae</strong></span> <span class='ocrx_word' id='word_1_520' title='bbox 2254 4153 2478 4239; x_wconf 73' lang='lat' dir='ltr'><strong>qwnaf</strong></span> <span class='ocrx_word' id='word_1_521' title='bbox 2526 4152 2616 4235; x_wconf 90' lang='lat' dir='ltr'><strong>(si</strong></span> <span class='ocrx_word' id='word_1_522' title='bbox 2655 4154 3013 4219; x_wconf 76' lang='lat' dir='ltr'><strong>necessitas</strong></span> <span class='ocrx_word' id='word_1_523' title='bbox 3056 4154 3276 4221; x_wconf 75' lang='lat' dir='ltr'><strong>veniet</strong></span> <span class='ocrx_word' id='word_1_524' title='bbox 3321 4178 3531 4244; x_wconf 81' lang='lat' dir='ltr'><strong>super</strong></span> 
     </span>
    </p>
   </div>
   <div class='ocr_carea' id='block_1_5' title="bbox 584 4252 3665 4363">
    <p class='ocr_par' dir='ltr' id='par_1_8' title="bbox 584 4252 3665 4363">
     <span class='ocr_line' id='line_1_38' title="bbox 584 4252 3665 4363; baseline 0.003 -47"><span class='ocrx_word' id='word_1_525' title='bbox 584 4274 732 4334; x_wconf 79' lang='lat' dir='ltr'><strong>vos,</strong></span> <span class='ocrx_word' id='word_1_526' title='bbox 780 4252 837 4317; x_wconf 89' lang='lat' dir='ltr'><strong>si</strong></span> <span class='ocrx_word' id='word_1_527' title='bbox 879 4263 1101 4340; x_wconf 90' lang='lat' dir='ltr'><strong>potero</strong></span> <span class='ocrx_word' id='word_1_528' title='bbox 1145 4253 1484 4340; x_wconf 86' lang='lat' dir='ltr'><strong>prodesse,</strong></span> <span class='ocrx_word' id='word_1_529' title='bbox 1530 4276 1648 4339; x_wconf 82' lang='lat' dir='ltr'><strong>ego</strong></span> <span class='ocrx_word' id='word_1_530' title='bbox 1690 4256 1759 4320; x_wconf 91' lang='lat' dir='ltr'><strong>id</strong></span> <span class='ocrx_word' id='word_1_531' title='bbox 1800 4254 2061 4339; x_wconf 82' lang='lat' dir='ltr'><strong>faciam)</strong></span> <span class='ocrx_word' id='word_1_532' title='bbox 2109 4258 2164 4335; x_wconf 93' lang='lat'><strong>1,</strong></span> <span class='ocrx_word' id='word_1_533' title='bbox 2198 4256 2342 4319; x_wconf 87' lang='grc'><strong>256.</strong></span> <span class='ocrx_word' id='word_1_534' title='bbox 2443 4255 2500 4319; x_wconf 89' lang='lat'><strong>3.</strong></span> <span class='ocrx_word' id='word_1_535' title='bbox 2543 4275 2745 4340; x_wconf 89' lang='lat' dir='ltr'><strong>pers.:</strong></span> <span class='ocrx_word' id='word_1_536' title='bbox 2803 4256 2972 4321; x_wconf 64' lang='grc' dir='ltr'><em>ἀνωι-</em></span> <span class='ocrx_word' id='word_1_537' title='bbox 3007 4257 3238 4342; x_wconf 71' lang='grc' dir='ltr'><em>9ἀαει1ι</em></span> <span class='ocrx_word' id='word_1_538' title='bbox 3279 4270 3534 4323; x_wconf 69' lang='lat' dir='ltr'><strong>munt</strong></span> <span class='ocrx_word' id='word_1_539' title='bbox 3663 4316 3665 4363; x_wconf 70' lang='lat'>3</span> 
     </span>
    </p>
   </div>
   <div class='ocr_carea' id='block_1_6' title="bbox 581 4353 3532 4748">
    <p class='ocr_par' dir='ltr' id='par_1_9' title="bbox 581 4353 3532 4748">
     <span class='ocr_line' id='line_1_39' title="bbox 581 4353 3532 4441; baseline 0.003 -25"><span class='ocrx_word' id='word_1_540' title='bbox 581 4353 790 4437; x_wconf 77' lang='grc' dir='ltr'><em>Ιι9ηη9</em></span> <span class='ocrx_word' id='word_1_541' title='bbox 820 4353 1015 4439; x_wconf 88' lang='lat' dir='ltr'><strong>(male</strong></span> <span class='ocrx_word' id='word_1_542' title='bbox 1045 4354 1279 4421; x_wconf 80' lang='lat' dir='ltr'><strong>accidit</strong></span> <span class='ocrx_word' id='word_1_543' title='bbox 1322 4354 1416 4420; x_wconf 88' lang='lat' dir='ltr'><strong>eis</strong></span> <span class='ocrx_word' id='word_1_544' title='bbox 1444 4354 1634 4439; x_wconf 90' lang='lat' dir='ltr'><strong>illud)</strong></span> <span class='ocrx_word' id='word_1_545' title='bbox 1680 4358 1733 4437; x_wconf 93' lang='lat'><strong>1,</strong></span> <span class='ocrx_word' id='word_1_546' title='bbox 1772 4359 1868 4420; x_wconf 87' lang='lat'><strong>15.</strong></span> <span class='ocrx_word' id='word_1_547' title='bbox 1923 4376 2008 4441; x_wconf 73' lang='grc' dir='ltr'><strong>η9</strong></span> <span class='ocrx_word' id='word_1_548' title='bbox 2037 4356 2302 4439; x_wconf 74' lang='lat' dir='ltr'><strong>lyuassei</strong></span> <span class='ocrx_word' id='word_1_549' title='bbox 2338 4353 2453 4419; x_wconf 76' lang='lat' dir='ltr'><strong>neb</strong></span> <span class='ocrx_word' id='word_1_550' title='bbox 2475 4402 2490 4417; x_wconf 92' lang='lat'><strong>.</strong></span> <span class='ocrx_word' id='word_1_551' title='bbox 2525 4402 2541 4418; x_wconf 90' lang='lat'><strong>.</strong></span> <span class='ocrx_word' id='word_1_552' title='bbox 2573 4404 2588 4419; x_wconf 89' lang='lat'><strong>.</strong></span> <span class='ocrx_word' id='word_1_553' title='bbox 2617 4354 2968 4441; x_wconf 70' lang='lat' dir='ltr'><strong>kynnullaw</strong></span> <span class='ocrx_word' id='word_1_554' title='bbox 3009 4380 3096 4420; x_wconf 77' lang='lat' dir='ltr'><strong>na</strong></span> <span class='ocrx_word' id='word_1_555' title='bbox 3120 4358 3354 4422; x_wconf 61' lang='lat' dir='ltr'><strong>meir-cla</strong></span> <span class='ocrx_word' id='word_1_556' title='bbox 3395 4384 3532 4425; x_wconf 77' lang='lat' dir='ltr'><strong>nac</strong></span> 
     </span>
     <span class='ocr_line' id='line_1_40' title="bbox 584 4456 3530 4545; baseline 0.003 -28"><span class='ocrx_word' id='word_1_557' title='bbox 584 4475 798 4519; x_wconf 73' lang='lat' dir='ltr'><strong>arueu.</strong></span> <span class='ocrx_word' id='word_1_558' title='bbox 841 4477 955 4519; x_wconf 79' lang='lat' dir='ltr'><strong>rac</strong></span> <span class='ocrx_word' id='word_1_559' title='bbox 997 4457 1148 4520; x_wconf 83' lang='lat' dir='ltr'><strong>dodi</strong></span> <span class='ocrx_word' id='word_1_560' title='bbox 1181 4479 1225 4541; x_wconf 91' lang='grc'><strong>9</strong></span> <span class='ocrx_word' id='word_1_561' title='bbox 1266 4468 1405 4540; x_wconf 73' lang='lat' dir='ltr'><strong>vryt</strong></span> <span class='ocrx_word' id='word_1_562' title='bbox 1446 4478 1517 4519; x_wconf 82' lang='lat' dir='ltr'><strong>or</strong></span> <span class='ocrx_word' id='word_1_563' title='bbox 1558 4456 1700 4521; x_wconf 84' lang='lat' dir='ltr'><strong>mab</strong></span> <span class='ocrx_word' id='word_1_564' title='bbox 1730 4467 1962 4521; x_wconf 80' lang='lat' dir='ltr'><strong>arnunt</strong></span> <span class='ocrx_word' id='word_1_565' title='bbox 2004 4456 2164 4540; x_wconf 91' lang='lat' dir='ltr'><strong>(non</strong></span> <span class='ocrx_word' id='word_1_566' title='bbox 2193 4456 2484 4541; x_wconf 89' lang='lat' dir='ltr'><strong>permisit</strong></span> <span class='ocrx_word' id='word_1_567' title='bbox 2527 4457 2826 4543; x_wconf 88' lang='lat' dir='ltr'><strong>cuiquam</strong></span> <span class='ocrx_word' id='word_1_568' title='bbox 2868 4458 3114 4525; x_wconf 82' lang='lat' dir='ltr'><strong>adferre</strong></span> <span class='ocrx_word' id='word_1_569' title='bbox 3154 4478 3282 4523; x_wconf 88' lang='lat' dir='ltr'><strong>nec</strong></span> <span class='ocrx_word' id='word_1_570' title='bbox 3309 4480 3530 4545; x_wconf 84' lang='lat' dir='ltr'><strong>equos</strong></span> 
     </span>
     <span class='ocr_line' id='line_1_41' title="bbox 582 4557 3528 4647; baseline 0.004 -29"><span class='ocrx_word' id='word_1_571' title='bbox 582 4576 705 4619; x_wconf 87' lang='lat' dir='ltr'><strong>nec</strong></span> <span class='ocrx_word' id='word_1_572' title='bbox 748 4578 950 4638; x_wconf 83' lang='lat' dir='ltr'><strong>arma,</strong></span> <span class='ocrx_word' id='word_1_573' title='bbox 1006 4579 1091 4621; x_wconf 87' lang='lat' dir='ltr'><strong>ne</strong></span> <span class='ocrx_word' id='word_1_574' title='bbox 1134 4566 1408 4622; x_wconf 85' lang='lat' dir='ltr'><strong>verteret</strong></span> <span class='ocrx_word' id='word_1_575' title='bbox 1462 4558 1739 4623; x_wconf 88' lang='lat' dir='ltr'><strong>animum</strong></span> <span class='ocrx_word' id='word_1_576' title='bbox 1778 4580 1938 4644; x_wconf 88' lang='lat' dir='ltr'><strong>puer</strong></span> <span class='ocrx_word' id='word_1_577' title='bbox 1979 4557 2060 4621; x_wconf 88' lang='lat' dir='ltr'><strong>ad</strong></span> <span class='ocrx_word' id='word_1_578' title='bbox 2105 4558 2210 4641; x_wconf 82' lang='lat' dir='ltr'><strong>ea)</strong></span> <span class='ocrx_word' id='word_1_579' title='bbox 2271 4559 2324 4637; x_wconf 92' lang='lat'><strong>1,</strong></span> <span class='ocrx_word' id='word_1_580' title='bbox 2373 4558 2519 4623; x_wconf 85' lang='grc'><strong>236.</strong></span> <span class='ocrx_word' id='word_1_581' title='bbox 2616 4558 2743 4625; x_wconf 90' lang='lat' dir='ltr'><strong>Est</strong></span> <span class='ocrx_word' id='word_1_582' title='bbox 2795 4560 2986 4625; x_wconf 88' lang='lat' dir='ltr'><strong>etiam</strong></span> <span class='ocrx_word' id='word_1_583' title='bbox 3046 4559 3250 4627; x_wconf 86' lang='lat' dir='ltr'><strong>forma</strong></span> <span class='ocrx_word' id='word_1_584' title='bbox 3302 4564 3528 4647; x_wconf 81' lang='lat' dir='ltr'><strong>magis</strong></span> 
     </span>
     <span class='ocr_line' id='line_1_42' title="bbox 584 4656 3526 4748; baseline 0.003 -29"><span class='ocrx_word' id='word_1_585' title='bbox 584 4666 773 4721; x_wconf 85' lang='lat' dir='ltr'><strong>aucta</strong></span> <span class='ocrx_word' id='word_1_586' title='bbox 813 4656 999 4721; x_wconf 85' lang='lat' dir='ltr'><strong>ARN</strong></span> <span class='ocrx_word' id='word_1_587' title='bbox 1000 4658 1157 4723; x_wconf 84' lang='lat' dir='ltr'><strong>AD:</strong></span> <span class='ocrx_word' id='word_1_588' title='bbox 1189 4659 1415 4723; x_wconf 76' lang='lat' dir='ltr'><strong>‘lloneoe&#39;t</strong></span> <span class='ocrx_word' id='word_1_589' title='bbox 1454 4661 1676 4744; x_wconf 78' lang='lat' dir='ltr'><strong>ydwm</strong></span> <span class='ocrx_word' id='word_1_590' title='bbox 1718 4681 1753 4723; x_wconf 91' lang='lat' dir='ltr'><strong>o</strong></span> <span class='ocrx_word' id='word_1_591' title='bbox 1794 4678 1990 4721; x_wconf 77' lang='lat' dir='ltr'><strong>vereu.</strong></span> <span class='ocrx_word' id='word_1_592' title='bbox 2035 4682 2078 4721; x_wconf 85' lang='lat' dir='ltr'><strong>a</strong></span> <span class='ocrx_word' id='word_1_593' title='bbox 2119 4657 2464 4743; x_wconf 65' lang='lat' dir='ltr'><strong>qolwytlton</strong></span> <span class='ocrx_word' id='word_1_594' title='bbox 2506 4661 2830 4725; x_wconf 73' lang='lat' dir='ltr'><strong>amadunt</strong></span> <span class='ocrx_word' id='word_1_595' title='bbox 2868 4662 3124 4747; x_wconf 87' lang='lat' dir='ltr'><strong>(manus</strong></span> <span class='ocrx_word' id='word_1_596' title='bbox 3165 4661 3362 4748; x_wconf 81' lang='lat' dir='ltr'><strong>plena</strong></span> <span class='ocrx_word' id='word_1_597' title='bbox 3401 4686 3526 4729; x_wconf 78' lang='lat' dir='ltr'><strong>ve-</strong></span> 
     </span>
    </p>
   </div>
   <div class='ocr_carea' id='block_1_7' title="bbox 579 4758 3663 4953">
    <p class='ocr_par' dir='ltr' id='par_1_10' title="bbox 579 4758 3663 4953">
     <span class='ocr_line' id='line_1_43' title="bbox 582 4758 3663 4849; baseline 0.003 -29"><span class='ocrx_word' id='word_1_598' title='bbox 582 4778 783 4839; x_wconf 84' lang='lat' dir='ltr'><strong>rnum,</strong></span> <span class='ocrx_word' id='word_1_599' title='bbox 830 4768 895 4823; x_wconf 90' lang='lat' dir='ltr'><strong>et</strong></span> <span class='ocrx_word' id='word_1_600' title='bbox 936 4758 1140 4825; x_wconf 75' lang='lat' dir='ltr'><strong>frusta</strong></span> <span class='ocrx_word' id='word_1_601' title='bbox 1178 4758 1248 4824; x_wconf 91' lang='lat' dir='ltr'><strong>in</strong></span> <span class='ocrx_word' id='word_1_602' title='bbox 1290 4759 1453 4841; x_wconf 89' lang='lat' dir='ltr'><strong>illis)</strong></span> <span class='ocrx_word' id='word_1_603' title='bbox 1516 4762 1569 4843; x_wconf 91' lang='lat'><strong>1,</strong></span> <span class='ocrx_word' id='word_1_604' title='bbox 1614 4762 1673 4825; x_wconf 90' lang='grc'><strong>2.</strong></span> <span class='ocrx_word' id='word_1_605' title='bbox 1751 4759 1986 4845; x_wconf 66' lang='lat' dir='ltr'><strong>hym-deu</strong></span> <span class='ocrx_word' id='word_1_606' title='bbox 2033 4760 2146 4822; x_wconf 79' lang='lat' dir='ltr'><strong>oed</strong></span> <span class='ocrx_word' id='word_1_607' title='bbox 2179 4760 2395 4845; x_wconf 71' lang='lat' dir='ltr'><strong>qwedy</strong></span> <span class='ocrx_word' id='word_1_608' title='bbox 2437 4783 2514 4825; x_wconf 76' lang='lat' dir='ltr'><strong>eu</strong></span> <span class='ocrx_word' id='word_1_609' title='bbox 2557 4762 2906 4847; x_wconf 76' lang='lat' dir='ltr'><strong>dyrchauel.</strong></span> <span class='ocrx_word' id='word_1_610' title='bbox 2966 4789 3007 4830; x_wconf 85' lang='lat' dir='ltr'><strong>a</strong></span> <span class='ocrx_word' id='word_1_611' title='bbox 3053 4762 3212 4848; x_wconf 76' lang='lat' dir='ltr'><strong>bwyt</strong></span> <span class='ocrx_word' id='word_1_612' title='bbox 3252 4786 3297 4827; x_wconf 86' lang='lat' dir='ltr'><strong>a</strong></span> <span class='ocrx_word' id='word_1_613' title='bbox 3340 4762 3530 4849; x_wconf 56' lang='lat' dir='ltr'><strong>nyma</strong></span> <span class='ocrx_word' id='word_1_614' title='bbox 3661 4786 3663 4829; x_wconf 84' lang='grc'><strong>;</strong></span> 
     </span>
     <span class='ocr_line' id='line_1_44' title="bbox 579 4854 3663 4953; baseline 0.004 -30"><span class='ocrx_word' id='word_1_615' title='bbox 579 4880 669 4943; x_wconf 76' lang='lat' dir='ltr'><strong>yn</strong></span> <span class='ocrx_word' id='word_1_616' title='bbox 712 4860 970 4925; x_wconf 70' lang='lat' dir='ltr'><strong>didlawt</strong></span> <span class='ocrx_word' id='word_1_617' title='bbox 1010 4862 1329 4926; x_wconf 71' lang='lat' dir='ltr'><strong>‹zv-uadunt</strong></span> <span class='ocrx_word' id='word_1_618' title='bbox 1371 4861 1663 4947; x_wconf 85' lang='lat' dir='ltr'><strong>(mensae</strong></span> <span class='ocrx_word' id='word_1_619' title='bbox 1710 4869 1889 4927; x_wconf 86' lang='lat' dir='ltr'><strong>erant</strong></span> <span class='ocrx_word' id='word_1_620' title='bbox 1913 4870 2193 4946; x_wconf 85' lang='lat' dir='ltr'><strong>paratae,</strong></span> <span class='ocrx_word' id='word_1_621' title='bbox 2241 4869 2305 4925; x_wconf 89' lang='lat' dir='ltr'><strong>et</strong></span> <span class='ocrx_word' id='word_1_622' title='bbox 2333 4861 2516 4928; x_wconf 89' lang='lat' dir='ltr'><strong>cibus</strong></span> <span class='ocrx_word' id='word_1_623' title='bbox 2542 4873 2860 4950; x_wconf 87' lang='lat' dir='ltr'><strong>potusque</strong></span> <span class='ocrx_word' id='word_1_624' title='bbox 2891 4865 3290 4932; x_wconf 83' lang='lat' dir='ltr'><strong>abundanter</strong></span> <span class='ocrx_word' id='word_1_625' title='bbox 3317 4886 3530 4953; x_wconf 83' lang='lat' dir='ltr'><strong>super</strong></span> <span class='ocrx_word' id='word_1_626' title='bbox 3661 4854 3663 4887; x_wconf 66' lang='lat'><em>³</em></span> 
     </span>
    </p>
   </div>
   <div class='ocr_carea' id='block_1_8' title="bbox 580 4960 3528 5251">
    <p class='ocr_par' dir='ltr' id='par_1_11' title="bbox 580 4960 3528 5251">
     <span class='ocr_line' id='line_1_45' title="bbox 584 4963 1008 5027; baseline 0.005 -2"><span class='ocrx_word' id='word_1_627' title='bbox 584 4981 695 5026; x_wconf 86' lang='lat' dir='ltr'><strong>eas</strong></span> <span class='ocrx_word' id='word_1_628' title='bbox 777 4965 804 5025; x_wconf 90' lang='lat' dir='ltr'>l</span> <span class='ocrx_word' id='word_1_629' title='bbox 906 4963 945 5026; x_wconf 90' lang='lat'><strong>6</strong></span> <span class='ocrx_word' id='word_1_630' title='bbox 992 5010 1008 5027; x_wconf 87' lang='lat'><strong>.</strong></span> 
     </span>
     <span class='ocr_line' id='line_1_46' title="bbox 696 4960 3528 5152; baseline 0.002 -22"><span class='ocrx_word' id='word_1_631' title='bbox 696 4960 1101 5130; x_wconf 60' lang='lat' dir='ltr'><strong>)C’o2rn3iee</strong></span> <span class='ocrx_word' id='word_1_632' title='bbox 1156 5072 1221 5128; x_wconf 95' lang='lat' dir='ltr'><strong>et</strong></span> <span class='ocrx_word' id='word_1_633' title='bbox 1261 5064 1705 5129; x_wconf 90' lang='lat' dir='ltr'><strong>aremorice</strong></span> <span class='ocrx_word' id='word_1_634' title='bbox 1760 5064 1982 5129; x_wconf 89' lang='lat' dir='ltr'><strong>eadem</strong></span> <span class='ocrx_word' id='word_1_635' title='bbox 2023 5086 2242 5150; x_wconf 87' lang='lat' dir='ltr'><strong>praep.</strong></span> <span class='ocrx_word' id='word_1_636' title='bbox 2289 5064 2409 5130; x_wconf 87' lang='lat' dir='ltr'><strong>etsi</strong></span> <span class='ocrx_word' id='word_1_637' title='bbox 2453 5075 2765 5152; x_wconf 89' lang='lat' dir='ltr'><strong>perpetua</strong></span> <span class='ocrx_word' id='word_1_638' title='bbox 2805 5066 3186 5150; x_wconf 80' lang='lat' dir='ltr'><strong>infectione,</strong></span> <span class='ocrx_word' id='word_1_639' title='bbox 3247 5082 3528 5138; x_wconf 79' lang='lat' dir='ltr'><strong>servata</strong></span> 
     </span>
     <span class='ocr_line' id='line_1_47' title="bbox 580 5164 2612 5251; baseline 0.001 -22"><span class='ocrx_word' id='word_1_640' title='bbox 580 5172 790 5230; x_wconf 83' lang='lat' dir='ltr'><strong>tamen</strong></span> <span class='ocrx_word' id='word_1_641' title='bbox 830 5188 889 5227; x_wconf 86' lang='lat' dir='ltr'><strong><em>w</em></strong></span> <span class='ocrx_word' id='word_1_642' title='bbox 931 5164 1227 5232; x_wconf 87' lang='lat' dir='ltr'><strong>scribitur</strong></span> <span class='ocrx_word' id='word_1_643' title='bbox 1270 5164 1481 5232; x_wconf 77' lang='lat' dir='ltr'><strong>WAR</strong></span> <span class='ocrx_word' id='word_1_644' title='bbox 1524 5165 1629 5231; x_wconf 86' lang='lat' dir='ltr'><strong>vel</strong></span> <span class='ocrx_word' id='word_1_645' title='bbox 1671 5164 1853 5231; x_wconf 77' lang='lat' dir='ltr'><strong>OAR</strong></span> <span class='ocrx_word' id='word_1_646' title='bbox 1897 5166 2115 5249; x_wconf 88' lang='lat' dir='ltr'><strong>(aucta</strong></span> <span class='ocrx_word' id='word_1_647' title='bbox 2153 5188 2356 5249; x_wconf 76' lang='lat' dir='ltr'><strong>warn,</strong></span> <span class='ocrx_word' id='word_1_648' title='bbox 2401 5166 2612 5251; x_wconf 67' lang='lat' dir='ltr'><strong>oar-n).</strong></span> 
     </span>
    </p>
   </div>
  </div>
 </body>
</html>
