3717 5642
545 373 582 434 7
587 372 666 438 38
736 373 878 436 (⁷0⁰)
1307 369 1422 436 IV.
1467 372 1530 438 3.
1601 388 2151 440 ooxmnortmms
2194 391 2677 445 amrmmom.

710 555 1072 622 DREFEN
1105 555 1336 640 (quia),
1381 555 1638 640 saepius
1669 557 2162 642 praepositionis
2193 557 2334 624 vice
2360 559 2661 645 fungitur,
2694 569 2765 624 ut
2792 583 2937 628 cum
2964 561 3283 628 infinitivo
3310 584 3453 628 con-

545 667 800 740 structa,
846 657 1312 722 coniunctionis
1357 657 1560 722 instar
1601 658 1812 743 posita
1853 658 1923 721 in
1960 657 2061 726 his
2102 660 2441 746 exemplis:
2486 662 2703 744 drqfen
2744 684 2887 726 mar
2925 685 3068 726 mur
3104 683 3184 746 μ’
3226 683 3319 726 ow
3356 683 3455 726 rae

552 759 736 844 (quia
775 769 954 824 tanta
996 769 1097 824 est
1136 782 1277 823 mea
1319 758 1571 844 gratia),
1617 760 1834 841 drqfen
1874 783 1961 824 ηα
1990 761 2265 845 fijan->yth
2292 785 2483 847 cryqy
2526 763 2711 849 (quia
2750 786 2881 830 non
2922 763 3023 830 vis
3052 763 3343 847 credere)
3382 763 3452 828 R.

551 863 688 926 121.
724 863 904 928 1106.

711 962 884 1031 BYS
913 965 1168 1050 (usque,
1202 987 1264 1049 p.
1296 963 1450 1046 697)
1494 985 1812 1048 nunquam
1847 964 2001 1037 sola,
2050 965 2161 1030 sed
2192 974 2302 1030 aut
2330 987 2475 1030 cum
2502 987 2631 1050 pan
2662 967 3003 1032 coniuncta
3028 968 3120 1053 (p.
3156 966 3312 1050 729)
3354 977 3459 1031 aut

547 1088 686 1130 cum
733 1066 1180 1131 coniunctione
1225 1066 1492 1130 relativa
1534 1065 1639 1148 bys
1681 1087 1824 1148 may
1866 1065 2161 1150 (donec):
2208 1066 2315 1150 bys
2354 1067 2733 1153 maythyllyf
2760 1090 2846 1152 yn
2888 1091 2978 1132 ow
3002 1070 3184 1152 qula-3
3226 1068 3455 1152 (donec

543 1171 770 1234 intrem
811 1169 880 1232 in
921 1191 1190 1254 regnum
1233 1167 1469 1247 meum)
1513 1163 1597 1230 D.
1635 1166 1774 1230 726.
1833 1165 1941 1249 bys
1981 1167 2319 1254 matkyllyf
2348 1191 2425 1252 vy
2466 1169 2563 1232 εΙιθ
2602 1169 2724 1253 nef
2752 1169 2989 1253 (donec
3032 1191 3169 1234 eam
3212 1192 3333 1254 ego
3376 1169 3453 1234 ad

547 1271 822 1356 caelum)
865 1269 942 1336 R.
979 1269 1117 1334 182.
1177 1267 1282 1352 bys
1321 1266 1647 1351 maythello
1690 1267 1927 1351 (donec
1968 1268 2100 1352 eat)
2142 1266 2221 1332 R.
2259 1271 2397 1335 135.

716 1373 1250 1437 Aremoricae.
1338 1367 1520 1434 DRE
1577 1368 1752 1454 (per)
1804 1369 2008 1432 forma
2062 1369 2334 1454 simplici
2386 1394 2529 1436 raro
2572 1371 2712 1438 sola
2762 1371 3107 1438 invenitur:
3174 1373 3287 1436 dre
3324 1393 3459 1434 moa

545 1496 720 1538 meur
751 1497 792 1536 a
815 1496 962 1558 yuez
998 1473 1237 1536 dellezet
1281 1471 1482 1554 (sicut
1519 1469 1917 1534 multifariam
1945 1472 2326 1556 merueram)
2356 1471 2493 1538 MJ.
2531 1475 2713 1538 1198.
2770 1475 2924 1538 ἄνθη
2952 1473 3183 1536 devm
3224 1473 3463 1536 dellezet

546 1575 747 1660 (sicut
800 1575 863 1638 id
909 1573 1165 1657 meruit)
1227 1573 1418 1637 1001).
1495 1572 1646 1634 ἄνθη
1697 1571 1971 1651 lat-arae,
2024 1573 2181 1635 ἄνθη
2229 1573 2478 1649 leverat,
2534 1575 2687 1638 ἄνθη
2728 1576 2941 1660 lyvim't
2992 1573 3108 1657 (ut
3162 1574 3230 1639 id
3282 1574 3459 1650 dixit,

542 1676 724 1756 dicis,
773 1673 1018 1758 dicitis)
1067 1676 1186 1740 104
1205 1697 1262 1737 a.
1314 1674 1430 1738 142
1443 1673 1502 1738 b.
1541 1673 1760 1761 ,162a3
1805 1672 2176 1767 plerumque
2219 1673 2625 1759 coniungitur
2678 1685 2787 1740 aut
2838 1697 2979 1740 cum
3022 1675 3337 1762 particula
3376 1697 3458 1754 ez,

545 1778 806 1863 saepius
853 1785 1180 1840 contracta
1219 1773 1450 1839 DREZ
1495 1773 1693 1857 (dum,
1743 1775 2063 1858 quamdiu,
2110 1773 2238 1858 ut):
2286 1775 2395 1838 dre
2422 1798 2564 1840 ezoa
2608 1777 2842 1840 lavaret
2884 1776 2987 1860 (ut
3028 1777 3265 1842 dictum
3296 1774 3461 1857 erat)

541 1879 676 1946 MJ.
713 1880 837 1943 194
849 1900 904 1942 a.
963 1878 1072 1940 dre
1101 1899 1244 1940 ezoa
1271 1895 1486 1940 ναθεοη
1518 1873 1718 1957 (sicut
1756 1884 1893 1940 erat
1918 1875 2110 1959 ratio)
2146 1875 2265 1940 173
2278 1899 2335 1940 a.
2392 1878 2651 1962 drezedy
2676 1879 2913 1959 εθνίυθε,
2956 1880 3101 1942 drez
3128 1900 3203 1941 eu
3228 1888 3465 1962 ooryvet

546 1982 648 2066 (ut
691 1980 996 2065 scriptum
1041 1976 1168 2060 est)
1226 1975 1307 2040 30
1321 1977 1382 2040 b.
1431 1975 1628 2040 2071).
1695 1977 1838 2040 drez
1878 1977 2102 2061 quillis·
2130 1988 2244 2061 pat
2294 1977 2473 2059 (dum
2516 1989 2739 2064 potero
2782 1979 3039 2063 durare)
3092 1981 3241 2044 332..
3314 1979 3461 2042 drez

542 2084 769 2167 vizimp
813 2079 917 2144 beo
976 2077 1310 2164 (quamdiu
1353 2076 1586 2142 erimus
1629 2075 1794 2160 vivi)
1848 2076 2011 2142 Buh.
2058 2079 2157 2156 52,
2196 2081 2290 2142 15.
2360 2081 2587 2146 drezoa
2628 2079 2816 2165 deffn‘
2850 2081 3122 2165 Ρνῳῗθιθι
3176 2082 3280 2162 (ut
3324 2093 3465 2143 crat

545 2195 718 2250 certo
756 2179 1179 2269 praedictum)
1232 2180 1366 2260 184,
1399 2179 1472 2258 6;
1539 2187 1649 2242 aut
1689 2198 1832 2242 cum
1874 2178 2189 2263 particula
2228 2199 2384 2261 maz,
2432 2181 2709 2247 reddens
2750 2181 2859 2248 lat.
2890 2185 3040 2264 quia
3070 2181 3143 2263 (i.
3175 2203 3236 2266 q.
3266 2203 3471 2266 supra

539 2287 692 2348 dre-n
738 2306 852 2372 pez
893 2282 1093 2366 maz):
1169 2284 1279 2344 dre
1319 2302 1456 2342 maz
1511 2291 1577 2362 θρ
1631 2279 1748 2342 den
1802 2279 1947 2344 bras
2000 2281 2117 2343 Ιιαθ
2156 2305 2199 2342 a
2238 2292 2359 2345 stat
2410 2281 2591 2367 (quia
2632 2293 2734 2348 est
2774 2283 2873 2348 vir
2919 2281 3195 2367 insignis
3239 2291 3305 2346 et
3346 2303 3467 2346 no-

538 2386 716 2466 bilis,
792 2385 878 2449 sit
930 2380 1322 2462 benedictio)
1378 2380 1540 2446 Buh.
1583 2382 1682 2461 98,
1729 2383 1830 2444 27.
1900 2402 1975 2444 θη
2022 2381 2132 2444 leoz
2204 2395 2420 2465 quercet
2470 2405 2639 2448 mem
2688 2384 2879 2468 ketaff
2944 2386 3056 2449 dre
3105 2405 3241 2446 mas
3308 2383 3469 2447 cuch

535 2487 736 2550 merch.
801 2487 985 2568 Ιιυθθ,
1033 2507 1072 2545 a
1137 2484 1326 2568 heqar
1399 2481 1554 2565 (tua
1614 2481 2041 2567 pulcritudine
2105 2481 2419 2564 delector,
2496 2485 2645 2569 quia
2712 2507 2781 2550 es
2848 2484 3063 2571 puella
3122 2483 3331 2550 dulcis
3404 2497 3471 2549 et

537 2587 879 2672 amabilis),
922 2597 1077 2672 qaut
1123 2583 1264 2646 brut
1303 2583 1413 2648 Izoz
1443 2583 1719 2667 saludaff
1737 2633 1752 2647 .
1778 2634 1792 2648 .
1825 2633 1839 2647 .
1866 2585 1978 2648 dre
2015 2603 2157 2648 maz
2202 2583 2356 2648 oncle
2396 2587 2657 2650 willam
2698 2587 2779 2651 ha
2804 2587 3004 2650 θαηεθί
3044 2586 3219 2670 (cum
3244 2585 3467 2651 studio

537 2699 601 2752 te
645 2688 853 2752 saluto
870 2736 888 2768 ,
931 2687 1082 2772 quia
1126 2708 1196 2750 es
1241 2685 1458 2770 gravis
1503 2694 1570 2750 et-
1612 2685 1902 2769 sanotus)
1948 2685 2048 2767 38,
2080 2687 2139 2750 9.
2190 2687 2328 2766 178,
2362 2685 2418 2750 3.
2484 2708 2549 2750 ez
2586 2688 3114 2773 yona-chementias
3160 2677 3309 2772 affet
3354 2689 3469 2752 dre

538 2809 754 2852 mazoa
799 2789 1058 2852 vaillant
1107 2788 1189 2850 ha
1231 2787 1428 2850 θαηιθί
1471 2784 1690 2868 (iubeo
1732 2785 2027 2868 firmiter,
2086 2786 2236 2872 quia
2290 2799 2427 2852 erat
2484 2790 2697 2874 gravis
2750 2799 2816 2856 et
2856 2789 3149 2873 sanctus)
3208 2790 3355 2870 210,
3402 2793 3465 2854 5.

537 2887 810 2974 Saepius
865 2911 1014 2954 vero
1082 2909 1342 2952 sensum
1395 2885 1804 2969 temporalem
1848 2887 2129 2953 servavit
2178 2888 2383 2955 forma
2434 2891 2791 2976 composita
2840 2888 3031 2958 BER
3070 2889 3285 2956 DRE:
3352 2893 3468 2956 lter

537 2991 648 3052 dre
693 2989 860 3071 bems
904 2987 1238 3075 (quamdiu
1278 2985 1522 3070 vivam)
1576 2983 1709 3050 MJ.
1765 2987 1884 3052 182
1904 3011 1963 3052 a.
2034 2989 2143 3053 Ιιθν
2186 2991 2307 3055 dra
2352 2990 2518 3074 bezg'f
2550 2991 2641 3074 (v.
2676 2991 2717 3056 l.
2760 2992 2871 3056 dre
2910 2990 3109 3074 vinj)
3152 2992 3263 3056 beu
3308 2991 3467 3076 (id.)

545 3091 727 3155 lOOa.
809 3091 916 3154 Ιιθν
977 3091 1194 3154 ἅνθεοα
1251 3087 1360 3153 beu
1414 3085 1754 3174 (quamdiu
1805 3089 2102 3174 vivebat)
2161 3091 2280 3154 159
2294 3092 2355 3156 b.
2414 3091 2535 3156 188
2552 3093 2613 3158 b.
2688 3093 2797 3158 her
2860 3093 2972 3158 dre
3041 3093 3234 3176 qufif
3275 3115 3469 3178 space

542 3192 876 3275 (quamdiu
919 3191 1239 3255 inveniam
1270 3189 1574 3275 spatium)
1609 3189 1800 3253 1601).
1874 3188 2088 3256 Hodie
2132 3195 2349 3274 θῆιίνα,
2394 3194 2591 3258 θῆᾶνα
2616 3213 2739 3274 ma,
2785 3194 2902 3259 sed
2928 3203 3082 3260 trec.
3113 3195 3305 3258 erdra
3334 3217 3465 3258 ma.

705 3291 886 3358 Idem
931 3291 1354 3376 significantis
1395 3288 1692 3354 ENTRE
1739 3312 1929 3354 unum
1974 3293 2330 3378 exemplum
2368 3292 2759 3360 invenimus:
2822 3296 3043 3362 heum
3087 3317 3163 3360 ηθ
3206 3319 3273 3358 υθ
3316 3308 3467 3378 quet

537 3405 879 3479 competant
919 3416 982 3457 ez
1020 3395 1160 3458 vecla
1203 3395 1328 3478 huy
1369 3393 1484 3476 Ιιθρ
1527 3394 1905 3475 compassiva
1944 3404 2109 3458 entre
2151 3393 2325 3458 bathe
2368 3393 2461 3478 (v.
2488 3395 2533 3461 l.
2564 3394 2785 3480 patha)
2826 3416 2935 3460 ma
2956 3398 3208 3481 passion
3248 3395 3467 3480 (istud

538 3517 667 3559 non
715 3506 890 3560 esset
931 3495 1262 3574 idoneum,
1309 3503 1378 3558 ut
1421 3492 1650 3560 essetis
1694 3514 1810 3559 vos
1861 3492 2003 3560 sine
2046 3495 2521 3580 compassione,
2566 3496 2867 3580 quamdiu
2906 3507 3195 3563 maneret
3236 3499 3465 3584 passio

537 3589 711 3670 mea)
753 3595 886 3661 MJ.
921 3597 1072 3661 392.

704 3696 886 3765 RAC
931 3699 1096 3764 sicut
1138 3697 1395 3764 comica
1435 3696 1825 3784 praepositio
1871 3695 2124 3761 eademz
2192 3698 2427 3761 meher-
2466 3719 2545 3762 ηο
2586 3717 2751 3760 neum
2804 3709 2948 3781 quet
2988 3721 3030 3762 a
3072 3701 3299 3764 roedou
3344 3723 3468 3766 rac

535 3821 684 3864 voae·
742 3823 824 3862 αη
861 3799 1039 3884 placo
1075 3812 1228 3885 qam
1271 3822 1356 3861 αη
1396 3799 1578 3862 clauco
1618 3817 1768 3861 man
1811 3797 1991 3860 donet
2047 3819 2089 3860 a
2132 3797 2259 3882 day
2302 3797 2443 3863 brae
2484 3797 2569 3862 lta
2610 3797 2799 3862 ὂῦιαη
2850 3795 3043 3883 (opus
3086 3821 3216 3866 non
3256 3801 3465 3870 habe-

540 3923 681 3966 mus
725 3899 986 3982 retibus,
1031 3921 1178 3964 nam
1219 3899 1284 3964 in
1329 3897 1500 3963 hunc
1542 3897 1751 3962 locum
1793 3918 1911 3981 per
1952 3917 2145 3964 canes
2187 3896 2307 3963 hos
2349 3907 2655 3964 venturae
2696 3908 2847 3964 sunt
2884 3919 3157 3984 magnae
3202 3912 3267 3968 et
3306 3925 3465 3989 pm·-

543 4023 682 4081 vae‚
725 4000 929 4085 ferae)
974 3999 1136 4065 Buh.
1179 4000 1279 4080 32,
1330 3999 1594 4062 14-16.
1653 4001 1771 4060 reit
1824 4019 1897 4060 θη
1954 4011 2083 4062 mat
2136 4021 2205 4062 oz
2250 3999 2585 4086 bemyaden
2632 4019 2749 4066 rac
2789 4002 2979 4067 ἀνθίαι
3020 4025 3143 4088 pop
3180 4025 3300 4088 pen
3344 4006 3463 4070 leoz

531 4103 821 4188 youlener
865 4102 1042 4186 (date
1085 4101 1250 4165 bene
1291 4107 1568 4166 vestram
1595 4097 2124 4179 benedictionem,
2168 4122 2315 4165 nam
2360 4123 2552 4187 supra
2578 4122 2889 4188 quemque
2930 4123 3049 4169 vos
3078 4103 3465 4190 poscimini)

541 4205 680 4284 122,
717 4205 774 4268 9.
831 4224 942 4268 rac
984 4205 1094 4268 dre
1135 4223 1301 4266 excee
1346 4222 1408 4266 ez
1453 4199 1724 4286 opressat'
1766 4200 1941 4281 (nam
1983 4221 2099 4285 per
2141 4201 2511 4268 violentiam
2550 4225 2863 4289 oppressa
2902 4203 3032 4287 est)
3074 4205 3177 4284 46,
3218 4206 3277 4270 3.
3346 4229 3469 4272 rac

535 4326 652 4368 ηθη
693 4303 878 4388 casas
913 4316 1054 4387 quet
1107 4303 1287 4389 (quia
1327 4324 1455 4366 non
1495 4301 1752 4366 invenio
1797 4302 1975 4385 eum)
2018 4299 2153 4366 MJ.
2199 4305 2388 4368 2179..
2484 4303 2647 4370 Item
2687 4304 2820 4370 fere
2860 4325 2975 4370 ναο
3014 4327 3153 4370 maz
3206 4305 3465 4391 (quia)=

538 4407 730 4470 diam-o
772 4429 850 4467 vn
896 4416 991 4468 tro
1036 4427 1146 4468 ouz
1191 4428 1272 4467 αη
1317 4403 1480 4466 brois
1533 4425 1646 4466 rac
1685 4423 1822 4466 maz
1866 4404 1960 4466 int
1998 4404 2163 4465 scuiz
2204 4415 2417 4488 θιαηθς
2454 4417 2611 4490 qam
2650 4405 2915 4492 lanqour
2956 4406 3307 4490 (revertere
3352 4431 3465 4475 se-

537 4506 662 4572 mel
705 4507 784 4572 ad
815 4506 1202 4571 habitatores
1244 4513 1470 4584 terrae,
1517 4501 1668 4588 quia
1709 4513 1860 4566 sunt
1901 4503 2135 4570 defessi
2164 4525 2355 4589 aegre
2382 4505 2718 4592 languore)
2750 4507 2915 4575 Buh.
2952 4509 3088 4590 190,
3120 4510 3222 4574 26.
3280 4531 3465 4573 mar-

535 4609 768 4670 uaillou
810 4629 875 4670 so
906 4609 1050 4670 duct
1073 4657 1086 4670 .
1115 4655 1129 4669 .
1157 4655 1170 4670 .
1201 4627 1312 4669 ναθ
1353 4625 1572 4668 mazoa
1611 4603 1837 4666 homan
1881 4605 2079 4670 ἰθαηθε
2105 4619 2305 4671 santes
2346 4605 2681 4689 (miracula
2706 4621 2857 4676 sunt
2880 4609 3069 4690 facta,
3114 4609 3266 4695 quia
3290 4608 3469 4677 haec

542 4717 677 4773 erat
719 4705 1014 4773 monialis
1059 4706 1310 4790 sancta)
1351 4706 1454 4785 46,
1493 4707 1546 4768 1.
1612 4725 1725 4768 rac
1764 4718 2009 4772 mazout
2033 4755 2049 4772 .
2074 4757 2089 4772 .
2116 4755 2133 4772 .
2162 4729 2269 4772 ma
2310 4729 2418 4770 σαν
2458 4727 2611 4791 quer
2652 4709 2837 4796 (quia
2876 4733 2947 4778 es
2989 4709 3230 4778 amicus
3272 4733 3465 4778 meus

535 4809 753 4893 carus)
807 4808 941 4874 MJ.
989 4811 1110 4874 153
1123 4829 1178 4872 a.
1243 4829 1355 4869 rac
1394 4815 1640 4869 mazout
1690 4827 1732 4868 a
1785 4807 1975 4869 adam
2018 4809 2201 4871 lamet
2254 4806 2439 4894 (quia
2493 4831 2575 4874 ex
2609 4809 2860 4876 Adamo
2914 4822 3093 4878 ortus
3136 4810 3239 4894 es)
3296 4813 3463 4880 65⁸.

537 4908 778 4977 Contra
833 4931 944 4973 ναθ
981 4932 1068 4972 na
1109 4907 1282 4991 (ne):
1349 4927 1460 4972 rac
1519 4929 1604 4970 ηα
1647 4927 1715 4969 υθ
1761 4917 2127 4991 transportet
2183 4919 2310 4973 tam
2366 4932 2398 4973 θ
2438 4911 2595 4994 corff
2642 4911 2755 4996 (ne
2794 4921 3258 5000 transportetur
3308 4915 3465 4982 eius

535 5009 826 5096 corpus),
885 5033 996 5074 -ναθ
1048 5033 1136 5073 na
1185 5009 1458 5073 coezkent
1514 5028 1560 5090 y
1602 5027 1678 5071 θη
1719 5029 1865 5092 may
1909 5007 2069 5073 blam
2126 5007 2239 5091 (ne
2281 5009 2567 5076 incidant
2618 5011 2713 5077 illi
2765 5013 2833 5079 in
2874 5015 3083 5081 maius
3138 5015 3465 5104 dedecus)
