3717 5642
980 386 1094 455 IV.
1138 390 1199 453 2.
1262 403 1835 455 rmsrosrriosss
1878 400 2358 451 smunmcss.
2611 386 2931 469 (629-631)
2997 385 3122 451 665

388 572 543 639 cum
584 572 883 641 articulo:
928 575 1141 661 deomp
1182 574 1309 641 dan
1350 574 1457 639 ker
1494 572 1749 657 (eamus
1794 570 1877 637 ad
1903 570 2152 655 urbem)
2181 568 2346 636 Buh.
2377 571 2478 651 42,
2514 572 2568 635 1.
2625 590 2784 657 quae
2825 570 2953 635 dan
2993 568 3123 653 σχὲ-

232 696 329 737 ren
366 673 423 757 (i
462 674 540 739 sd
568 674 863 756 missam)
911 676 1011 757 26,
1043 675 1145 739 21.
1198 675 1421 739 heman
1463 696 1527 740 80
1558 676 1685 739 dan
1728 684 1823 737 tut
1865 672 2086 738 burzut
2121 694 2248 758 pur
2291 671 2444 756 (hoc
2473 682 2574 739 est
2605 672 2842 759 populo
2885 693 3125 737 merum

230 775 607 861 miraculum)
648 778 755 857 46,
791 778 889 843 10.
948 796 1203 841 remoneo
1244 776 1375 843 dan
1414 776 1507 841 bet
1549 773 1942 860 (renuntiare
1979 775 2248 860 mundo)
2292 776 2392 857 20,
2426 776 2484 840 9.
2539 798 2624 839 απ
2651 795 2836 839 maru
2876 775 2964 859 off
3000 774 3128 837 dan

232 889 363 939 τηου
402 898 545 943 man
605 876 805 961 (mors
850 899 993 943 sum
1032 876 1183 945 huic
1224 877 1408 963 valli)
1455 880 1551 961 10,
1586 879 1644 945 3.
1730 868 1980 945 Eadem
2021 877 2261 944 iunctio
2307 886 2408 943 est
2461 898 2602 943 cnm
2647 875 3126 961 pronominibus

230 977 602 1059 possessivis
644 978 861 1043 infixis
908 981 963 1045 1.
1011 989 1076 1045 et
1117 980 1175 1045 2.
1204 1002 1373 1067 pers.
1421 979 1583 1066 sing.
1615 980 1784 1061 dam,
1826 980 1974 1061 daz;
2021 980 2392 1047 absorbetur
2433 988 2642 1045 sutem
2671 978 2914 1043 voculis
2943 999 3126 1064 prse-

226 1080 545 1166 positionis
588 1078 659 1145 in
702 1080 953 1163 ceteris,
999 1082 1057 1149 3.
1088 1102 1253 1168 pers.
1288 1080 1453 1167 sing.
1485 1082 1577 1163 de,
1620 1081 1783 1168 plur.
1832 1084 1888 1147 1.
1932 1104 2104 1169 pers.
2149 1082 2304 1165 don,
2351 1082 2408 1147 2.
2453 1102 2622 1167 pers.
2669 1080 2801 1162 doz,
2853 1080 2911 1145 3.
2955 1099 3126 1165 pers.

226 1184 311 1263 do,
354 1202 613 1267 quorum
658 1182 951 1268 exempla
990 1181 1213 1249 videas
1258 1203 1454 1269 supra
1494 1183 1631 1271 (pp.
1666 1184 1787 1250 389
1818 1184 2016 1271 sqq.).

378 1282 584 1370 Saepe
628 1286 971 1353 coniuncta
1016 1306 1163 1351 cnm
1192 1284 1600 1370 superlativis
1646 1284 1841 1351 efficit
1870 1285 2192 1367 adverbia,
2237 1292 2332 1351 ut:
2379 1284 2464 1351 da
2495 1282 2792 1368 bianhaff,
2839 1282 2921 1346 da
2951 1278 3127 1347 hian-

225 1386 333 1467 haf
361 1384 739 1471 (minimum,
787 1386 1042 1471 saltem)
1082 1384 1219 1453 MJ.
1250 1386 1404 1453 461).
1442 1388 1629 1454 1921).
1670 1388 1857 1455 1938.
1917 1389 2002 1453 da
2043 1387 2315 1473 quentaf
2347 1384 2678 1474 (primum)
2725 1384 2856 1450 wa
2899 1394 3019 1449 etc.

380 1485 537 1555 Cum
582 1488 1060 1577 pronominibus
1106 1488 1373 1555 suffixis.
1460 1486 1639 1575 Sing.
1692 1491 1746 1555 1.
1788 1512 1987 1576 persa
2035 1491 2146 1554 dre
2183 1510 2290 1554 ma
2329 1486 2557 1572 hunfre
2605 1488 2715 1572 dis
2743 1507 2808 1550 ez
2849 1507 2882 1551 e
2906 1484 3130 1549 revelet

226 1591 355 1676 (per
394 1591 705 1657 somnium
747 1614 961 1659 meum
1000 1590 1157 1656 mihi
1198 1598 1299 1657 est
1323 1588 1705 1675 revelatum)
1746 1588 1910 1656 Buh.
1943 1591 2044 1673 30,
2083 1592 2179 1657 10.
2238 1592 2380 1657 duee
2421 1610 2486 1655 eo
2523 1588 2644 1675 diff
2680 1586 2881 1653 consol
2923 1586 3130 1669 (venit

225 1690 363 1758 mihi
412 1692 753 1776 solacium)
822 1694 919 1776 12,
964 1694 1069 1759 22.
1154 1693 1213 1759 2.
1254 1714 1452 1780 pers:
1518 1694 1612 1758 dit
1652 1713 1749 1755 me
1788 1714 1829 1755 a
1867 1713 1988 1778 yra
2029 1715 2160 1779 spes
2195 1714 2406 1759 oreson
2456 1690 2572 1777 (ad
2611 1698 2677 1757 te
2717 1688 2884 1755 facio
2937 1686 3127 1753 valde

226 1794 591 1879 orationem)
638 1796 739 1877 50,
770 1797 830 1859 5.
894 1815 959 1859 eo
1000 1793 1157 1859 (Περι
1198 1794 1291 1859 dit
1332 1795 1465 1879 (est.
1504 1793 1785 1861 debitum
1825 1794 1978 1879 tibi)
2025 1796 2125 1876 70,
2169 1795 2230 1859 6.
2318 1794 2376 1861 3.
2421 1814 2592 1881 pers.
2649 1812 2872 1857 masc:
2941 1790 3130 1855 laum·

223 1895 409 1980 dezaff
441 1896 579 1981 (dic
624 1894 718 1979 ei)
758 1896 818 1978 2,
850 1897 911 1962 8.
967 1916 1105 1961 mas
1148 1896 1279 1980 day
1320 1896 1515 1978 dezas
1545 1897 1783 1981 equiem
1823 1895 1928 1981 (ut
1965 1896 2185 1962 redeat
2227 1896 2286 1962 ei
2331 1893 2630 1977 scientia)
2665 1895 2764 1975 58,
2799 1894 2859 1958 7.
2916 1889 3122 1957 Fem.:

222 2016 307 2059 mo
340 1998 596 2082 qoestlae
638 1998 775 2061 dm·
812 1996 962 2061 alies
1014 1995 1126 2080 (ea
1166 1995 1481 2082 spopondi
1526 1996 1585 2061 ei
1630 2018 1858 2084 saepe,
1917 1996 2222 2082 Nonitae)
2283 1996 2422 2079 158,
2468 1998 2567 2062 14.
2633 2015 2730 2059 me
2770 2014 2936 2080 qray
2977 1994 3126 2078 dezy

220 2118 336 2182 spes
378 2119 662 2184 opressus·
706 2097 965 2182 (faciam
1010 2098 1069 2163 ei
1110 2097 1621 2184 oppressionem,
1676 2098 1984 2183 Nonitae)
2028 2099 2129 2180 92,
2173 2102 2231 2164 7.
2315 2097 2489 2165 Plur.
2539 2100 2594 2163 1.
2625 2118 2827 2183 persa
2892 2116 2978 2160 an
3011 2114 3128 2180 pez

218 2219 275 2261 so
314 2210 407 2263 ret
432 2200 651 2285 deomp
695 2200 829 2284 (res
873 2220 1038 2285 quse
1082 2208 1181 2264 est
1218 2200 1589 2265 necessaria
1624 2200 1845 2285 nobis)
1887 2201 1990 2282 60,
2021 2200 2123 2265 20.
2212 2202 2270 2265 2.
2313 2222 2516 2288 μεως
2573 2220 2668 2263 me
2707 2216 2944 2282 compeo
2986 2194 3128 2260 dica

219 2298 441 2383 (dicam
468 2300 691 2383 vobis)
724 2301 819 2383 18,
852 2300 953 2366 24.
1008 2300 1120 2365 doe
1158 2323 1239 2365 ra
1266 2322 1379 2385 roy
1406 2300 1589 2365 deock
1632 2299 1821 2385 (deus
1867 2303 1975 2369 det
2002 2301 2218 2387 vobis)
2269 2304 2364 2383 16,
2395 2304 2457 2365 4.
2514 2311 2607 2365 ret
2647 2320 2714 2363 eo
2755 2298 2940 2363 deock
2985 2298 3126 2381 (ne-

219 2402 545 2467 cessarium
592 2412 695 2469 est
734 2402 951 2487 vobis)
996 2402 1097 2485 38,
1136 2404 1231 2467 17.
1300 2402 1495 2489 pene-h
1536 2427 1579 2467 a
1612 2402 1819 2489 pedaf
1854 2403 2038 2469 deoeh
2077 2404 2202 2491 Ιια9
2256 2403 2510 2489 (pacem
2552 2409 2702 2489 peto
2745 2400 2932 2467 vobis
2945 2450 2962 2482 ‚
3008 2422 3126 2487 pro

214 2502 415 2587 vobis)
461 2506 565 2586 80,
598 2506 659 2569 5.
748 2504 809 2569 3.
850 2524 1055 2591 pers.:
1100 2526 1167 2569 ez
1206 2526 1355 2585 roez
1397 2505 1567 2570 deaei
1603 2526 1636 2569 e
1660 2505 1819 2589 corff
1848 2506 2085 2592 ylarius
2127 2505 2336 2591 (dedit
2373 2504 2456 2569 iis
2499 2524 2732 2590 corpus
2761 2523 2946 2568 suum
2987 2500 3125 2587 glo-

214 2602 463 2691 riosum)
516 2604 657 2671 MJ.
711 2607 863 2672 191).
925 2606 1261 2692 palamour
1305 2606 1445 2671 deza
1497 2605 1643 2693 (per
1684 2628 1964 2673 amorem
2017 2630 2172 2695 erga
2224 2630 2366 2689 eos,
2423 2628 2638 2671 eorum
2681 2602 2905 2687 causa)
2963 2602 3124 2669 291).

216 2704 381 2769 lavor
418 2708 561 2771 deze
606 2707 745 2793 (dic
785 2708 901 2793 iis)
946 2708 1147 2774 2141).
1212 2730 1307 2773 me
1342 2730 1430 2793 yn
1472 2708 1617 2773 deso
1656 2728 1844 2794 quere
1891 2708 1976 2773 da
2012 2710 2286 2795 quer-sas
2317 2711 2424 2793 (eo
2465 2707 2549 2775 iis
2591 2705 2968 2790 venditum),
3011 2704 3129 2771 hac

216 2826 277 2869 en
316 2818 483 2873 rento
512 2858 529 2873 .
556 2858 571 2872 .
602 2860 617 2873 .
648 2810 799 2875 dezo
840 2810 937 2895 (et
980 2832 1123 2876 eum
1162 2808 1427 2875 reddam
1468 2808 1582 2894 iis)
1630 2810 1777 2875 182.
3183 2884 3193 2889 ,

364 2906 599 2993 TROL
624 2910 957 2998 TRU1(=
978 2913 1089 2992 tre,
1120 2933 1183 2997 p.
1210 2913 1313 2993 96,
1344 2910 1473 2978 hib.
1498 2922 1607 2993 tre,
1640 2914 1745 2994 tri,
1778 2912 1946 2997 per),
1980 2912 2374 2979 cambi-ica
2398 2910 2616 2993 forma,
2646 2909 2832 2976 cuius
2860 2907 3124 2994 scriptio

212 3011 513 3078 recentior
555 3022 659 3079 est
698 3024 883 3100 ινω9,
941 3014 1046 3079 vel
1088 3013 1393 3081 destituta
1430 3013 1607 3079 tenui
1650 3015 1840 3102 drwy.
1939 3012 2250 3099 Exempla
2297 3012 2673 3081 vetustiora:
2743 3010 2867 3076 ινοί
2904 3010 3125 3073 enmet'-

213 3124 343 3176 tuou
386 3113 503 3199 (gl.
548 3136 667 3202 per
692 3124 905 3197 nutus,
950 3113 1330 3202 accipienda
1366 3113 1550 3198 nota)
1580 3114 1663 3201 gl.
1698 3114 1819 3183 Ox.
1848 3116 1968 3183 38⁸.
2055 3115 2138 3181 In
2167 3115 2702 3203 descriptionibus
2743 3111 2892 3179 libri
2917 3110 3123 3177 Laud.

212 3214 463 3297 passim:
510 3228 659 3302 truy
698 3220 831 3283 mbo
872 3217 1019 3302 (per
1058 3217 1289 3299 Iseum,
1332 3218 1627 3303 fluvium)
1676 3218 1813 3283 127.
1871 3221 2002 3283 omi
2037 3221 2068 3283 i
2091 3218 2227 3300 coit,
2273 3220 2406 3283 mi
2441 3220 2504 3281 ir
2531 3219 2650 3283 coit
2689 3215 2836 3303 (per
2864 3210 3124 3295 silvam)

215 3318 521 3399 116.152;
575 3321 713 3384 157.
761 3320 886 3387 232
933 3328 1053 3385 etc.
1138 3319 1221 3385 In
1262 3318 1465 3387 Mau:
1526 3342 1571 3405 9
1613 3320 1905 3385 kndawd
1943 3322 2198 3387 raedam
2251 3331 2405 3407 trwy
2457 3342 2502 3406 9
2543 3329 2646 3407 ryt
2694 3340 2822 3403 yny
2863 3314 3046 3380 walae
3073 3335 3126 3431 ,9

207 3440 342 3502 yae»-
392 3421 808 3507 (progressus
869 3429 969 3487 est
1020 3444 1137 3508 per
1178 3421 1437 3503 vadum,
1504 3422 1709 3489 donec
1762 3422 1924 3488 vidit
1966 3420 2214 3504 urbem)
2273 3424 2328 3503 1,
2371 3420 2474 3487 33.
2543 3442 2622 3483 ar
2673 3418 2882 3505 kynny
2935 3416 3126 3481 owein

210 3523 453 3587 adr-emis
495 3525 785 3609 dymawt
824 3543 905 3587 ar
940 3546 985 3608 9
1026 3524 1378 3589 marchawc
1420 3534 1575 3610 moy
1612 3546 1657 3609 9
1698 3524 1978 3610 helym..
2005 3524 2289 3609 ,athrwy
2328 3546 2372 3609 9
2413 3521 2596 3586 kroen
2640 3542 2718 3585 ar
2757 3518 2860 3607 lct'q
2903 3539 2982 3585 av·
3023 3538 3124 3581 ae·

208 3646 363 3705 ,qwrn
422 3624 691 3709 (deinde
738 3622 817 3689 Ο.
858 3622 1031 3690 feriit
1070 3624 1265 3712 plaga
1306 3624 1583 3710 equitem
1638 3647 1755 3711 per
1796 3626 2154 3711 galesun..
2185 3674 2200 3689 .
2245 3636 2310 3691 et
2351 3646 2468 3711 per
2511 3631 2715 3689 cutem
2759 3630 2827 3687 et
2867 3640 3124 3687 carnem

213 3735 265 3789 et
302 3726 403 3811 os)
454 3729 509 3808 1,
549 3728 648 3792 13.
704 3726 857 3791 dodi
884 3748 1078 3791 aoruc
1115 3749 1160 3813 9
1186 3725 1533 3790 mare-hawe-
1574 3726 1789 3791 arllost
1824 3750 1870 3813 9
1898 3748 2080 3791 waew
2124 3727 2298 3812 drwy
2342 3724 2780 3810 amoyrffncyn
2807 3744 2884 3809 υ9
2911 3720 3126 3785 march

211 3826 451 3912 (posuit
492 3850 695 3915 eques
738 3826 985 3913 lignum
1026 3827 1249 3894 hastae
1291 3848 1446 3893 suae
1488 3849 1605 3915 per
1644 3826 1896 3895 frenum
1939 3828 2086 3915 equi
2131 3828 2286 3914 mei)
2337 3831 2390 3909 l,
2425 3828 2524 3893 10.
2959 3860 2966 3867 -

358 3929 871 4017 Praepositionis
914 3927 1105 3997 huius
1134 3929 1513 3997 coniunctae
1556 3952 1697 3997 cum
1727 3929 2214 4016 pronominibus
2259 3928 2506 3995 suffixis
2551 3923 2844 4012 exempla
2883 3922 3125 3989 rariora

214 4042 359 4095 sunt.
446 4029 525 4095 In
571 4032 719 4097 libri
762 4030 969 4096 Land.
1014 4031 1556 4119 descriptionibus
1598 4030 1823 4097 finium
1866 4032 1926 4097 3.
1971 4054 2142 4118 pers.
2185 4031 2350 4118 sing.
2393 4030 2594 4097 forma
2637 4028 2836 4094 nuda:
2883 4024 2977 4089 bet
3014 4044 3118 4110 ye-

212 4130 367 4195 benm'
406 4135 531 4197 trio
574 4134 647 4197 di
688 4154 837 4217 aper
877 4145 1033 4197 nant
1074 4154 1262 4198 maur
1304 4132 1541 4221 (usque
1586 4132 1668 4199 ad
1709 4132 1791 4201 G.
1837 4133 2120 4215 fluvium,
2163 4155 2280 4220 per
2323 4155 2466 4199 eum
2510 4132 2592 4197 ad
2637 4153 2710 4197 os
2755 4126 2945 4195 vallis
2989 4148 3122 4191 ma—

211 4233 379 4318 gnae)
448 4235 591 4299 116.
665 4234 770 4299 dir
810 4237 985 4299 main
1028 4236 1247 4301 tillaue
1288 4236 1392 4299 dir
1434 4256 1581 4301 crue
1635 4236 1740 4299 dir
1782 4256 1929 4301 crue
1971 4236 2139 4299 arall
2179 4235 2464 4320 dimynui
2503 4232 2806 4319 mynuyui
2849 4231 3012 4294 oraio
3055 4228 3128 4291 de·

212 4356 335 4419 aper
372 4348 536 4403 nant
581 4356 721 4399 cum
762 4336 1023 4401 cinreitlc
1066 4336 1180 4421 (ad
1208 4334 1485 4422 lapidem
1516 4334 1611 4419 Τ.,
1656 4336 1737 4402 ad
1768 4335 2014 4419 collem,
2063 4337 2144 4403 ad
2189 4336 2456 4401 alterum
2498 4332 2746 4412 collem,
2792 4329 2872 4396 ad
2902 4328 2993 4395 M.
3036 4328 3121 4393 ri-

210 4460 359 4521 vum,
418 4460 539 4526 per
584 4459 757 4519 eum,
819 4459 935 4523 per
974 4436 1067 4505 M.
1114 4438 1197 4504 ad
1241 4458 1314 4503 os
1356 4437 1547 4503 vallis
1594 4435 1671 4504 Ο.
1704 4436 1813 4522 C.)
1861 4439 2001 4503 187.
2100 4435 2328 4503 Forma
2372 4444 2561 4502 aucta
2615 4434 2683 4499 in
2724 4432 2930 4499 Man:
2995 4453 3123 4516 9η9

212 4538 393 4624 ἀσί9σ1ι
429 4561 516 4625 9)·
559 4538 695 4603 koet
740 4560 788 4623 9
831 4540 1103 4605 ἅαειΙιοεε
1160 4538 1457 4623 trwydaw
1516 4537 1755 4621 (donec
1796 4540 1979 4635 venis
2036 4538 2118 4604 sd
2170 4539 2394 4605 silvam
2449 4558 2562 4624 per
2615 4558 2804 4621 quam
2856 4532 3122 4617 venisti)

214 4641 259 4718 1,
282 4642 335 4704 6.
392 4645 447 4706 ti
488 4640 767 4726 awydoet
830 4640 1153 4727 kynnedys
1192 4661 1274 4724 yr
1314 4660 1495 4704 atton.
1554 4662 1640 4725 π9
1682 4639 1787 4703 eill
1828 4638 1944 4703 neb
1985 4652 2164 4726 vynet
2215 4639 2464 4726 dmydi
2512 4637 2612 4721 (tu
2655 4636 2786 4703 scis
2839 4635 3126 4703 habitum

212 4737 377 4823 fluvii,
416 4763 615 4807 nemo
660 4750 887 4827 potest
926 4743 1199 4809 transire
1243 4764 1361 4829 per
1402 4762 1577 4821 eum;
1623 4762 1812 4821 ouon,
1855 4740 2034 4825 fem.)
2077 4741 2136 4823 3,
2169 4742 2268 4807 94.

348 4841 713 4911 Gor-nice
768 4854 835 4909 et
876 4843 1317 4909 aremorice
1368 4864 1487 4929 pro
1530 4842 1851 4928 primitiva
1902 4842 2107 4909 forma
2149 4839 2324 4907 TRE
2379 4842 2448 4907 in
2499 4841 2854 4907 recentiore
2903 4838 3126 4925 lingua

218 4962 439 5030 semper
476 4945 808 5011 invenitur
843 4944 1045 5011 DRE.
1134 4944 1461 5011 Vetustior
1500 4966 1691 5010 arem.
1723 4956 1832 5027 tre,
1877 4943 2274 5032 respondens
2317 4953 2528 5009 tumen
2569 4941 2700 5008 hib.
2731 4953 2834 5007 tar
2861 4940 3121 5025 (trans),

214 5055 355 5111 extat
388 5046 461 5111 in
504 5047 769 5113 nomine
810 5045 1093 5134 regionis
1138 5045 1523 5113 aremoricae
1556 5045 1907 5111 Poutrecoet
1945 5046 2014 5111 in
2059 5044 2440 5121 chartulario
2479 5042 2912 5125 Rhodonensi,
2959 5064 3122 5130 quse

214 5142 267 5207 in
300 5147 517 5215 eodem
562 5148 765 5215 latine
811 5148 1043 5217 dicitur
1076 5170 1279 5237 payns
1321 5158 1495 5215 tram
1536 5146 1757 5211 silvam
1799 5146 1911 5232 (cf.
1940 5170 2004 5235 p.
2041 5145 2212 5232 137).
2705 5161 2714 5179 ‘
