3717 5642
910 444 1025 513 IV.
1072 447 1131 513 2.
1198 462 1777 512 PRARPOSI'rloan
1820 461 2300 511 erfflmcm.
2551 447 2726 511 -(638·
2756 447 2878 511 639)
2924 442 3070 531 ,673

182 655 258 698 me
292 633 615 718 sedebant)
658 631 838 699 Mab.
882 634 937 715 1,
970 635 1027 699 5.
1104 634 1135 697 z·
1174 630 1325 697 bron
1364 635 1426 697 ir
1466 633 1557 697 all
1598 634 1739 697 adis
1776 634 1841 697 ir
1883 632 2103 696 eodm&
2143 632 2367 697 mksien
2423 631 2537 716 (ad
2579 644 2804 721 pectus
2867 633 3067 699 saltus

184 736 311 800 infra
346 735 675 801 ecclesiam
718 734 833 818 N.)
876 733 952 799 L.
987 732 1191 799 Land.
1235 734 1378 799 232.
1450 734 1872 819 disyymeassei
1911 734 2132 799 arthur
2174 734 2316 797 aelu
2353 756 2398 818 y
2439 733 2673 819 kedym
2713 737 2847 801 odis
2889 737 3064 803 kaer-

184 839 353 901 uadon
390 836 842 927 (descenderat
882 837 966 900 A.
1012 846 1077 901 et
1116 834 1239 900 viri
1284 834 1421 900 eius
1466 834 1660 900 fortes
1704 835 1870 899 infra
1915 834 2023 919 O.)
2063 834 2238 900 Mab.
2269 836 2328 917 2,
2363 836 2506 900 380.

315 936 583 1003 Cornica
626 937 920 1024 exempla
958 957 1091 1001 non
1132 936 1562 1017 inveniuntur,
1608 958 1729 1001 nec
1774 935 2127 1003 aremorica
2168 937 2538 1003 vetustiora.

314 1041 520 1105 Arem.
566 1037 715 1105 hod.
762 1040 891 1103 a-iz
937 1037 1222 1103 adverbii
1267 1036 1409 1102 vice
1451 1037 1753 1124 fungitur,
1796 1038 1929 1103 nisi
1973 1037 2226 1102 additur
2267 1060 2486 1125 praep.
2531 1039 2636 1102 da.

316 1138 497 1207 UCH
542 1139 704 1223 (hib.
734 1140 817 1217 0'8,
858 1164 991 1223 uas,
1040 1138 1283 1227 supra),
1330 1140 1496 1205 sicut
1524 1140 1940 1225 praecedens,
1987 1147 2096 1204 aut
2117 1138 2481 1224 -singularis
2526 1150 2636 1205 aut
2665 1160 2815 1203 cum
2845 1140 3068 1205 eadem

184 1242 473 1324 particula:
530 1266 655 1306 uuo
704 1255 843 1305 nem
894 1244 949 1305 is
986 1264 1133 1306 mem
1188 1241 1416 1328 (supra
1470 1240 1747 1322 caelum,
1805 1240 1971 1305 infra
2013 1240 2288 1325 caelum)
2347 1238 2466 1307 Ob.
2513 1262 2702 1305 carm.
2750 1244 2803 1305 1.
2866 1242 3068 1327 qwellt

185 1344 309 1407 aoed
344 1342 455 1407 neh
508 1364 585 1407 eu
618 1364 875 1428 perman
928 1366 1005 1409 ac
1055 1346 1111 1409 ie
1151 1367 1225 1410 eu
1279 1356 1439 1410 traet
1492 1343 1801 1428 (stramen
1858 1343 2030 1429 quod
2077 1353 2213 1407 erat
2255 1364 2448 1428 super
2492 1364 2710 1407 eorum
2755 1342 2966 1429 capita
3007 1353 3074 1408 et

184 1445 316 1510 infra
349 1444 545 1532 pedes
592 1443 843 1528 eorum)
885 1443 1061 1511 Mab.
1094 1447 1152 1528 2,
1188 1446 1327 1511 374.
1380 1468 1511 1530 pan
1554 1447 1657 1510 uei
1696 1444 1959 1529 uwthf
1988 1465 2034 1529 y
2070 1444 2253 1530 ylaw.
2302 1444 2588 1529 dfflmued
2625 1444 2746 1508 nole.
2785 1444 2948 1529 ylaw
2993 1468 3069 1508 ao

184 1548 319 1611 aran
351 1551 401 1612 is
451 1570 496 1633 y
538 1546 659 1611 law
707 1568 751 1631 y
797 1546 979 1631 hydei
1011 1569 1101 1633 yn
1138 1547 1284 1631 aych.
1342 1546 1627 1633 (quando
1674 1554 1811 1612 erat
1848 1544 2070 1632 pluvia
2111 1546 2417 1627 maxima,
2478 1553 2780 1632 quantum
2833 1545 3071 1631 tegitur

186 1648 361 1733 palma
399 1670 599 1733 supra
640 1647 779 1713 eius
822 1670 1075 1713 manum
1121 1657 1185 1713 et
1225 1648 1380 1714 item
1420 1648 1587 1713 infra
1630 1647 1765 1713 eius
1810 1670 2064 1711 manum
2109 1662 2244 1712 erat
2287 1647 2558 1731 sioeum)
2603 1648 2662 1730 2,
2697 1648 2840 1715 213.

318 1749 715 1836 Praepositio
770 1758 1033 1835 utraque
1092 1770 1233 1815 cum
1277 1748 1649 1835 pronomine
1694 1747 1954 1813 suffixo:
2020 1769 2094 1813 ae
2129 1748 2383 1835 ylm'caw
2435 1748 2704 1813 olwnunt
2739 1751 3072 1836 ynlzafren.

182 1873 283 1936 ψῃ]
314 1852 512 1936 yttoed
562 1872 653 1936 yn
695 1850 899 1915 llenwi
947 1854 1306 1937 odyucktaw
1359 1852 1457 1936 (et
1499 1851 1555 1916 is
1601 1849 1769 1915 deici
1822 1849 1902 1915 ab
1949 1848 2044 1915 eis
2089 1850 2158 1914 in
2202 1848 2570 1932 Sabrinam,
2627 1874 2810 1937 aper,
2869 1852 3074 1918 donec

187 1952 633 2038 demergebatur
673 1950 868 2037 infra)
910 1952 1084 2019 Mab.
1130 1954 1187 2035 2,
1232 1953 1375 2018 246.
1451 1974 1527 2016 ar
1560 1952 1753 2037 parth
1790 1952 2110 2038 yullevqin
2167 1952 2270 2015 dir
2311 1952 2526 2017 eccluis
2579 1951 2674 2017 bet
2725 1957 2964 2018 mouns
3007 1956 3079 2019 di

186 2076 319 2137 penu
354 2058 411 2118 iv·
450 2056 575 2117 inis
620 2054 707 2117 ad
744 2054 955 2118 lauch&
993 2054 1237 2139 haperm
1276 2054 1431 2119 irall
1472 2054 1661 2117 adisti
1710 2050 1783 2137 (a
1823 2062 2005 2138 parte
2028 2052 2433 2119 ‘occidentali
2475 2053 2794 2121 ecclesiae
2836 2056 2918 2121 ad
2959 2056 3074 2139 M„

185 2154 249 2218 ad
286 2165 463 2242 caput
502 2155 755 2221 insulae
798 2177 991 2241 super
1035 2151 1171 2221 eain
1218 2164 1281 2219 et
1324 2165 1517 2241 caput
1556 2155 1736 2241 rupis
1780 2154 1944 2219 infra
1985 2154 2154 2239 eam)
2196 2156 2273 2221 L.
2305 2156 2507 2222 Land.
2545 2158 2688 2223 231.

322 2255 587 2323 Cornice
642 2263 707 2321 et
743 2256 1091 2322 aremorice
1148 2278 1401 2343 semper
1454 2259 1707 2324 additur
1748 2281 1966 2345 praep.
2009 2284 2052 2325 a
2102 2258 2214 2344 (cf.
2259 2280 2322 2345 p.
2357 2259 2480 2323 668
2523 2258 2672 2345 sq.).
2763 2258 3079 2348 Exempla

184 2360 495 2427 comica:
541 2384 583 2423 a
612 2358 738 2445 uqlt
779 2359 939 2445 θρίω
980 2358 1075 2423 tek
1108 2409 1123 2424 .
1151 2408 1165 2422 .
1191 2407 1208 2424 .
1242 2382 1327 2423 an
1364 2360 1613 2444 ysethva
1650 2383 1694 2446 y
1722 2376 1866 2444 3esa
1908 2359 2134 2447 (supra
2164 2360 2502 2426 ecclesiam
2531 2360 2860 2447 pulchram
2889 2363 3076 2428 sedes

188 2460 321 2544 erat)
370 2461 439 2527 P.
493 2462 589 2543 13,
619 2462 682 2524 4.
752 2484 795 2523 a
834 2459 963 2547 uqh
991 2482 1119 2545 pen
1172 2461 1319 2524 crist
1363 2482 1583 2547 qam-ys
1636 2461 1865 2549 (supra
1921 2473 2115 2549 caput
2157 2460 2401 2530 Christi
2442 2464 2728 2550 positus,
2785 2463 3073 2548 libellus)

189 2562 302 2645 189,
331 2563 385 2627 2.
434 2586 522 2627 an
560 2582 742 2648 meyn
766 2610 781 2625 .
808 2611 823 2625 .
851 2611 865 2625 .
898 2583 989 2625 ese
1030 2586 1071 2626 α
1114 2561 1237 2647 uylz
1280 2559 1428 2626 Παῦε
1470 2563 1668 2649 (lapis
1714 2563 1823 2650 qui
1867 2572 2004 2630 erat
2046 2586 2240 2651 super
2280 2562 2529 2650 Iesum)
2571 2565 2716 2647 244,
2747 2565 2808 2631 3.

319 2660 472 2731 Cum
514 2664 997 2749 pronominibus
1042 2662 1317 2729 suffixis:
1361 2665 1575 2751 clewys
1606 2716 1619 2730 .
1648 2714 1663 2729 .
1690 2716 1704 2730 .
1728 2688 1809 2731 vn
1852 2666 1910 2731 el
1951 2687 2022 2730 ov
2052 2666 2262 2731 callem
2303 2688 2454 2731 cane
2495 2690 2536 2731 a
2577 2668 2781 2754 vqhaf
2812 2690 2948 2732 war
2992 2693 3076 2734 an

148 2764 379 2827 'methea
426 2764 677 2850 (audivi
729 2766 1025 2851 angelum
1078 2763 1494 2851 incipientem
1549 2789 1777 2833 canere
1834 2790 2032 2855 supra
2073 2791 2172 2833 me
2225 2768 2295 2832 in
2335 2768 2595 2855 arbore)
2643 2767 2720 2834 Ο.
2756 2770 2900 2835 216.
2969 2768 3081 2834 dre

178 2884 336 2946 φησι)
372 2888 457 2930 an
497 2878 595 2931 tas
636 2890 677 2931 a
718 2866 915 2953 vqkon
958 2868 1103 2954 (per
1145 2868 1412 2953 gratiam
1456 2868 1559 2934 dei
1604 2891 1797 2957 super
1840 2871 1995 2955 nos)
2041 2868 2120 2937 Ο.
2160 2871 2338 2935 1861.

328 2968 863 3035 Aremoricum
909 2970 1301 3057 exemplum:
1342 2982 1499 3057 qaut
1538 2992 1738 3037 curun
1778 2971 1864 3037 Ῐια
1900 2972 2102 3055 foulcr
2145 2970 2494 3036 diaconico-et
2536 2993 2578 3034 a
2617 2991 2683 3034 υε
2723 2994 2829 3035 ma
2860 2994 2989 3059 pen
3013 2996 3079 3036 80

187 3066 511 3151 &quennet
552 3068 727 3154 (cum
766 3072 1005 3137 tonitru
1048 3081 1115 3137 et
1152 3070 1415 3137 fulmine
1462 3074 1698 3159 erupit,
1732 3076 1956 3159 'super
2008 3082 2202 3159 caput
2241 3094 2449 3138 meum
2503 3072 2867 3156 descendit,
2923 3084 3080 3139 tem-

187 3172 408 3256 pestas)
450 3170 614 3237 Buh.
646 3173 751 3253 94,
781 3172 880 3237 13.
964 3172 1137 3240 Hod.
1182 3198 1329 3240 a-uz
1374 3176 1661 3241 adverbii
1703 3182 1932 3239 natura
1971 3174 2328 3261 praeditum
2371 3185 2518 3260 eget
2561 3197 2778 3263 praep.
2822 3173 2926 3239 da.

326 3270 445 3339 AO
488 3272 653 3357 (hib.
682 3273 820 3357 oc?)
862 3273 1113 3361 integra
1156 3284 1409 3342 servata
1450 3286 1597 3341 ante
1640 3276 1920 3357 vocales,
1967 3301 2007 3341 a
2051 3285 2199 3341 ante
2243 3299 2580 3359 consonas,
2627 3277 2742 3343 sed
2785 3278 3080 3365 aspirans

189 3380 386 3439 tenues
415 3374 508 3461 (p.
547 3375 698 3460 193)
744 3376 966 3442 eodem
1006 3376 1138 3444 fere
1182 3398 1303 3443 usu
1347 3400 1472 3463 quo
1518 3386 1617 3443 est
1656 3400 1877 3463 praep.
1908 3400 2101 3463 germ.
2131 3380 2263 3461 mit,
2309 3400 2452 3445 cum
2479 3378 2809 3445 intellectu
2849 3380 3083 3445 instru-

189 3476 361 3541 menti
404 3476 509 3543 vel
552 3477 896 3544 societatis.

324 3577 639 3666 Exempla
689 3579 1007 3647 cambrica
1059 3579 1185 3645 iam
1238 3580 1404 3645 inter
1444 3580 1695 3665 glossas
1753 3579 1877 3648 Ox.
1921 3583 2028 3646 42·
2071 3581 2244 3665 (sine
2289 3582 2743 3668 aspiratione):
2811 3583 2895 3647 Ῑια
2949 3586 3082 3670 om'p

187 3676 281 3761 (gl.
320 3691 699 3767 pectenem,
744 3682 787 3746 i.
820 3704 874 3747 e.
904 3680 1213 3767 pectine).
1295 3680 1703 3747 Recentiora:
1746 3704 1789 3768 y
1832 3685 2046 3769 tynnir
2099 3682 2384 3769 achyllell
2428 3706 2711 3769 prenneu
2767 3704 2834 3749 oe
2887 3685 3092 3768 uaraf

191 3778 441 3860 (vellitur
480 3782 726 3868 forcipe
768 3780 987 3867 lignea
1027 3804 1064 3847 e
1104 3783 1303 3848 barba
1345 3781 1516 3868 eius)
1560 3780 1733 3849 Mab.
1781 3784 1838 3865 2,
1873 3784 2014 3847 236.
2089 3794 2288 3849 taraw
2331 3806 2520 3849 aoruc
2563 3786 2752 3849 owein
2797 3785 3096 3872 achledff

190 3878 519 3963 (percutere
562 3883 777 3970 coepit
822 3881 901 3948 Ο.
947 3882 1191 3969 gladio)
1242 3886 1301 3965 1,
1346 3886 1448 3951 31.
1516 3884 1701 3949 Ηαπω
1752 3884 2020 3950 crocleam
2059 3909 2102 3949 a
2138 3885 2344 3971 dwfyr
2397 3884 2691 3972 (implere
2728 3908 2846 3970 vas
2889 3888 3083 3973 aqua)

194 3982 237 4059 1,
263 3984 349 4047 17.
403 3984 587 4070 achyt
622 3984 839 4070 qen-det
864 3985 1107 4048 awnaei
1144 3983 1565 4070 abwyetuizeit.
1611 3986 1796 4071 aokyc
1818 3985 2104 4071 ymbm‘th.
2146 4008 2222 4050 ac
2248 3998 2412 4071 wynt
2435 4009 2562 4074 yny
2591 3988 2813 4071 oedynt
2845 3987 3087 4074 qynefin

192 4102 249 4143 ac
284 4086 349 4165 ef
386 4086 485 4171 (et
528 4105 656 4150 una
697 4084 833 4151 ibat
884 4104 1029 4149 cum
1069 4084 1327 4170 bestiis,
1387 4096 1451 4152 et
1502 4084 1789 4151 alebatur
1841 4108 1982 4152 cum
2027 4087 2152 4169 eis,
2211 4086 2418 4153 donec
2471 4097 2689 4153 essent
2739 4088 3082 4154 familiares

194 4202 303 4249 cum
343 4187 451 4271 eo)
500 4190 556 4269 1,
588 4186 690 4251 27.

328 4287 491 4356 Cum
534 4288 805 4354 articulo
850 4308 955 4353 ar:
1014 4289 1077 4351 ὧν
1116 4290 1191 4373 ef
1224 4311 1301 4355 ar
1340 4290 1487 4353 dreit
1527 4289 1709 4352 hwnn
1765 4287 2008 4375 (ungue
2055 4304 2198 4355 eum
2239 4290 2364 4356 hoe
2406 4290 2760 4376 unguento)
2805 4290 2980 4357 Mab.
3030 4292 3085 4370 1,

196 4386 273 4455 27.
344 4389 795 4457 Pronominum
836 4388 1265 4475 personalium
1312 4412 1441 4455 non
1484 4400 1583 4455 est
1612 4389 1885 4473 suffixio,
1933 4392 2050 4457 sed
2079 4390 2404 4457 adiunctio
2445 4389 2682 4457 formae
2727 4391 3085 4458 absolutae:

198 4510 261 4571 ny
282 4491 579 4577 chaom-sti
614 4494 866 4556 weabson
909 4513 987 4577 vy
1028 4512 1197 4556 mam
1241 4517 1281 4558 a
1310 4493 1463 4557 mivi
1500 4492 1671 4576 velly.
1718 4494 1967 4556 minnere
2010 4519 2054 4558 a
2079 4493 2406 4579 chwaryaf
2443 4518 2484 4558 a
2525 4493 2752 4557 thitheu
2791 4492 2898 4557 val
2921 4493 3088 4576 hymn

200 4586 329 4671 (non
352 4592 657 4661 ludebant
684 4593 871 4680 pueri
898 4592 1122 4657 matris
1150 4606 1329 4659 meae
1358 4615 1604 4659 mecum
1632 4592 1743 4675 ita,
1790 4614 1908 4680 ego
1953 4595 2165 4660 ludam
2193 4603 2408 4661 tecum
2435 4592 2615 4677 item)
2643 4594 2819 4661 Mab.
2853 4596 2909 4676 1,
2941 4594 3084 4659 242.

200 4702 361 4759 taram
396 4696 573 4760 karw
616 4719 661 4760 a
702 4694 772 4759 la·
810 4693 1111 4779 (caedere
1156 4718 1415 4761 cervum
1460 4719 1553 4779 ea,
1599 4696 1811 4777 clava3
1839 4696 2044 4781 ffonn‚
2089 4694 2269 4780 fem.)
2319 4698 2378 4779 1,
2409 4695 2471 4760 7.

330 4795 607 4865 Coi-nica
650 4808 717 4863 et
758 4796 1113 4863 aremorica
1154 4797 1447 4883 exempla
1482 4798 1670 4863 huius
1714 4797 2210 4884 praepositionis
2256 4798 2506 4863 desunt.

334 4898 625 4987 Cognata
664 4897 1067 4965 antecedenti
1120 4922 1339 4987 praep.
1380 4899 1633 4965 videtur
1676 4901 1913 4966 cambr.
1959 4897 2153 4967 ACH
2209 4898 2319 4983 (cf.
2367 4896 2492 4963 adi.
2537 4896 2667 4964 hib.
2712 4920 2880 4979 acus,
2925 4919 3084 4979 ocus,

198 4996 475 5086 vicium:
531 5002 641 5087 kyt
674 5001 1058 5092 pandebwyf
1083 5003 1191 5088 hyr:
1225 5024 1333 5087 ym
1374 5002 1491 5065 αοΙι
1528 5024 1673 5066 mm·
1714 5000 2016 5088 kaerloyw
2061 5000 2298 5085 (donec
2341 4998 2596 5064 veniam
2637 5021 2838 5085 usque
2881 5020 3086 5114 prope

200 5120 405 5168 murum
432 5101 545 5188 C.)
589 5100 767 5168 Mab.
799 5102 859 5186 2,
885 5104 1029 5171 234.
1089 5104 1205 5169 ach,
1242 5126 1285 5190 y
1314 5104 1453 5185 law,
1497 5104 1611 5169 ach.
1639 5126 1715 5168 eu
1742 5104 1864 5168 law
1910 5102 2121 5186 (iuxta
2150 5099 2309 5183 eius,
2358 5122 2594 5183 eorum,
2637 5122 2913 5183 manum,
2959 5101 2998 5165 i.
3031 5124 3085 5165 e.

198 5198 347 5269 iuxta
384 5226 545 5289 eum,
596 5204 741 5289 eos)
785 5204 963 5273 Mab.
992 5206 1081 5293 fq.

311 5324 489 5390 Zanes,
524 5341 733 5378 ossan.
769 5342 925 5381 cau.
976 5324 1079 5379 En.
1114 5326 1183 5380 11.
2618 5322 2686 5374 43
