3717 5642
1319 415 1724 466 raooinmm
1766 417 2101 466 corrosis.
3058 399 3177 466 LV

253 603 442 666 quam
471 582 748 652 fortasse
789 609 1018 654 manus
1047 587 1333 654 codicum
1379 587 1540 675 ipsa.
1629 587 1854 674 Itaque
1900 609 2039 654 cum
2072 585 2456 654 coniecturis
2499 587 2833 674 indulgere
2862 587 3181 654 interdum

251 715 656 780 cogeremur,
717 720 801 762 ne
857 699 924 763 iu
967 699 1050 764 iis
1095 697 1418 764 sectandis
1461 707 1696 764 temere
1739 699 2203 765 incurreremus
2257 699 2325 762 in
2369 721 2645 766 errorem
2672 748 2690 780 ‚
2749 709 2933 766 caute
2992 705 3183 784 atque

251 813 550 871 accurate
592 807 1099 892 comparavimus
1146 807 1323 874 locos
1369 807 1629 874 eosdem
1670 809 1846 874 varie
1890 809 2141 890 citatos,
2185 807 2559 894 praesertim
2606 832 2642 875 e
2672 809 3003 876 codicibus
3031 805 3181 874 Wb.

253 921 320 977 et
351 911 486 999 Sg.,
533 937 802 1000 quorum
831 939 996 1003 quae
1028 917 1297 1002 singulis
1329 917 1582 1004 paginis
1612 928 1678 984 et
1706 918 2016 986 columnis
2048 919 2538 1001 continerentur,
2569 919 2805 986 tabulis
2838 939 2959 1004 ope
2988 916 3183 983 inter-

250 1023 636 1108 pretationis
677 1023 992 1111 vulgatae
1035 1035 1100 1092 et
1137 1027 1500 1094 Priscianei
1546 1027 1760 1113 operis
1803 1027 2111 1094 confectis
2165 1027 2275 1112 (cf.
2326 1025 2520 1094 Beitr.
2554 1027 2857 1111 111.257)
2904 1027 3185 1094 assecuti

251 1153 524 1198 eramus.
610 1131 865 1214 Quibus
907 1136 1141 1202 tabulis
1181 1137 1440 1217 muniti,
1499 1145 1568 1202 ut
1609 1137 1903 1223 exemplo
1948 1145 2223 1220 utamur,
2285 1137 2642 1204 certissima
2696 1136 3185 1204 ratiocinatione

255 1243 596 1308 statuimus
645 1241 727 1306 le't
769 1243 882 1328 (gl.
927 1244 1126 1330 fidis)
1154 1251 1218 1310 et
1259 1257 1352 1310 att
1393 1244 1509 1332 (gl.
1553 1247 1776 1332 suber)
1840 1268 2019 1312 mero
2074 1247 2299 1313 calami
2356 1247 2539 1334 lapsu
2597 1247 2839 1334 scripta
2880 1269 3027 1314 esse
3069 1267 3185 1332 pro

249 1353 336 1415 te't
379 1352 498 1438 (gl.
543 1352 726 1438 fidis)
773 1353 878 1441 Sg.
911 1355 1034 1420 46¹².
1081 1363 1148 1420 et
1189 1365 1282 1420 att
1322 1354 1438 1442 (gl.
1484 1355 1698 1441 tuber)
1743 1355 1852 1442 Sg.
1880 1357 2001 1420 61⁸.

423 1461 785 1544 Praeterea,
831 1473 902 1528 ut
943 1487 1130 1550 quam
1175 1465 1506 1532 minimum
1548 1485 2005 1552 occuparemur
2045 1465 2369 1533 veteribus
2416 1465 2756 1549 erroribus,
2805 1465 3013 1533 editos
3060 1466 3185 1533 sal-

95 1623 112 1636 .
247 1583 378 1638 tem
423 1573 624 1639 libros
671 1573 1022 1640 cambricos
1063 1573 1138 1640 L.
1184 1574 1413 1656 Land.,
1457 1575 1636 1662 Leg„
1680 1575 1856 1642 Mab.
1902 1576 2061 1662 (quo
2104 1574 2266 1643 libro
2310 1585 2380 1642 ut
2423 1576 2661 1642 diutius
2691 1584 3027 1658 uteremur,
3070 1599 3187 1643 no-

251 1685 356 1750 bis
412 1705 668 1770 quoque
709 1682 1158 1751 liberalissime
1211 1685 1533 1756 concessit
1573 1685 2016 1752 Mauricius
2059 1684 2373 1772 Haupt)
2440 1697 2504 1752 et
2545 1687 2954 1753 aremoricum
3000 1685 3186 1767 Buh„

248 1817 418 1881 quos
459 1793 958 1878 perlustraverat
985 1803 1224 1876 auctor,
1271 1794 1480 1860 denuo
1523 1795 1652 1881 ipsi
1695 1795 2115 1878 excussimus,
2156 1795 2359 1861 multa
2405 1797 2841 1882 excerpsimus
2882 1796 2987 1862 vel
3014 1805 3187 1862 tran-

253 1903 656 1990 scripsimus,
701 1911 772 1966 ut
810 1923 1224 1990 quaecunque
1267 1906 1670 1971 continentur
1709 1905 1957 1991 Legum
1998 1905 2221 1972 codice
2261 1905 2697 1974 vetustissimo
2725 1906 2809 1974 A.
2896 1905 3189 1994 Denique

251 2014 432 2101 quod
476 2012 840 2080 accuratius
883 2013 1276 2100 signavimus
1305 2015 1484 2081 locos
1515 2037 1550 2082 e
1579 2013 1899 2081 Prisciani
1944 2038 2138 2101 opere
2167 2015 2413 2098 allatos,
2456 2017 2775 2083 interdum
2803 2017 3188 2104 asperiorem

247 2135 322 2191 et
365 2121 793 2189 difficiliorem
835 2145 1184 2190 sermonem
1227 2123 1506 2210 levigare
1551 2147 1628 2190 ac
1669 2124 1918 2191 mollire
1961 2125 2250 2211 quamvis
2294 2125 2431 2192 miti
2470 2149 2665 2192 manu
2695 2127 2906 2194 conati
2950 2149 3186 2210 sumus,

251 2256 470 2321 pauca
505 2233 892 2299 mutavimus
933 2232 1004 2298 in
1043 2232 1396 2316 Indicibus,
1441 2234 1508 2300 id
1551 2234 1720 2300 haud
1765 2256 2187 2302 succensuros
2228 2235 2421 2303 nobis
2464 2259 2793 2323 speramus
2832 2237 3125 2304 lectores.

428 2343 762 2424 Ceterum,
817 2352 886 2408 ut
939 2344 1018 2410 de
1061 2343 1206 2409 aliis
1259 2367 1490 2431 operae
1542 2355 1800 2411 nostrae
1842 2343 2311 2430 impedimentis
2368 2355 2725 2426 taceamus,
2780 2347 2947 2413 sicut
2998 2347 3193 2412 animi

245 2453 782 2540 tranquillitatem
810 2454 912 2519 bis
953 2453 1268 2519 turbatam
1313 2455 1662 2536 sensimus,
1707 2477 1854 2521 cum
1897 2456 2259 2542 germanico
2304 2457 2572 2522 tumultu
2618 2457 2791 2522 illius
2834 2457 3017 2538 anni,
3066 2479 3191 2543 quo

247 2569 342 2634 ad
385 2587 552 2652 opus
597 2564 1022 2644 accessimus,
1068 2573 1202 2630 tum
1245 2563 1432 2630 huius
1476 2565 1630 2630 anni
1671 2565 1840 2632 bello
1883 2567 2226 2651 pertinaci,
2272 2565 2364 2632 ita
2406 2567 2506 2632 bis
2548 2567 2975 2633 laboravimus
3018 2567 3193 2632 infir-

241 2677 482 2743 mitate
517 2671 822 2758 corporis,
873 2685 937 2739 et
982 2695 1120 2739 cum
1165 2673 1371 2760 prima
1411 2674 1670 2760 plagula
1707 2675 1888 2761 prelo
1932 2676 2265 2762 supposita
2296 2685 2486 2758 esset,
2533 2684 2597 2742 et
2624 2677 3003 2764 nuperrime,
3050 2699 3193 2743 cum

241 2784 534 2873 praefari
563 2782 1022 2869 coepissemus.
1090 2783 1306 2866 Quare
1337 2785 1393 2850 si
1423 2785 1490 2850 in
1520 2793 1735 2849 tantae
1763 2785 1951 2852 molis
1982 2808 2176 2872 opere
2203 2785 2426 2870 (etiam
2455 2795 2604 2872 post
2632 2807 2930 2873 magnum
2971 2808 3192 2853 nume·

241 2920 398 2963 rum
443 2916 681 2974 eorum,
729 2913 894 2977 quae
937 2893 1004 2958 in
1045 2893 1172 2960 fine
1214 2893 1364 2960 libri
1407 2893 1700 2960 addenda
1741 2895 1846 2960 vel
1886 2895 2265 2983 corrigenda
2304 2896 2841 2985 significavimus)
2887 2898 3192 2964 correctis

237 3007 470 3073 multis
501 3004 701 3069 multa
741 3001 900 3069 vitia
938 3025 1058 3069 nos
1085 3002 1331 3091 fugisse
1373 3004 1722 3091 apparebit,
1767 3027 1899 3070 non
1928 3005 2323 3086 mirabimur-3
2368 3007 2561 3072 immo
2606 3007 2805 3072 multo
2847 3007 3032 3092 plura
3058 3028 3195 3072 cre-

237 3119 462 3182 dimus
510 3115 833 3179 detectum
876 3113 974 3196 iri,
1021 3135 1160 3179 cum
1206 3114 1512 3200 prodierit
1554 3115 1747 3181 editio
1793 3116 2037 3182 codicis
2067 3114 2201 3197 Ml,
2248 3139 2437 3202 quam
2467 3126 2649 3202 parat
2690 3115 2771 3183 G.
2800 3117 2855 3183 Ι.
2886 3116 3191 3196 Ascoli,

239 3228 360 3293 vel
403 3248 548 3292 cum
579 3223 816 3289 editum
859 3223 982 3288 erit
1023 3245 1275 3289 carmen
1307 3225 1646 3307 cornicum,
1693 3227 1865 3312 quod
1906 3249 2113 3313 nuper
2141 3227 2465 3292 inventum
2501 3249 2645 3293 esse
2677 3225 2985 3292 audimus.
3060 3223 3191 3292 Sed

241 3335 604 3424 opprobret
639 3333 850 3415 nobis,
895 3333 1004 3418 qui
1036 3334 1226 3415 volet,
1271 3333 1457 3401 modo
1489 3336 1780 3422 corrigat.

427 3494 694 3576 Pilae,
741 3493 974 3562 Idibus
1017 3493 1481 3562 Decembribus
1529 3497 1706 3564 1870.
1805 3450 1814 3470 ’

2060 3581 2560 3649 Hermannus
2606 3581 2813 3649 Guil.
2856 3579 3071 3648 Ebel.

1387 4077 1548 4084 --—--
1558 4077 2085 4088 ---——-—-——.-—--·
