3717 5642
989 331 1104 399 IV.
1150 333 1211 399 2.
1274 348 1511 399 emur.
1548 348 1946 401 eromenes
1989 346 2394 398 mnemon.
2673 334 2811 395 (660.
2837 334 2959 397 661)
3025 335 3147 399 695

258 542 455 606 magna
506 518 589 585 ad
629 519 871 587 fontem
912 520 988 588 B.
1035 518 1241 586 amnis
1286 526 1407 587 eto.
1430 568 1486 585 ..
1530 518 1882 587 seeundum
1937 518 2109 585 viam
2164 540 2460 605 magnam
2504 542 2756 587 sursum
2809 543 3014 607 usque
3072 523 3150 586 ad

258 620 545 707 regionem
589 630 761 688 reete
801 623 1159 710 oppositam
1205 622 1369 688 ortui
1412 621 1617 689 amnis
1654 619 1765 704 Β.)
1816 621 1954 685 197.
1997 621 2136 687 198.
2191 642 2344 707 aper
2385 621 2623 706 catfrut
2660 626 2730 688 in
2767 626 2882 709 qui
2922 646 2997 687 ar
3038 624 3154 687 ibit

254 724 471 787 divinia
520 721 617 786 bet
659 745 826 807 penu
878 728 1157 791 arcium?
1205 724 1291 789 Ιια
1341 723 1525 788 drach
1580 722 1839 786 dindirn
1893 721 2156 807 (ostium
2200 720 2275 790 C.
2320 722 2390 787 in
2435 720 2517 789 G.
2535 774 2552 805 ,
2619 726 2963 791 seeundum
3009 748 3149 789 eum

251 846 471 891 sursum
524 846 728 910 usque
771 826 853 891 ad
892 826 1105 893 locum
1157 834 1331 893 reete
1386 824 1751 912 oppositum
1794 824 1986 891 dorso
2027 823 2144 909 D.)
2206 825 2350 889 200.
2435 848 2512 890 ar
2552 827 2644 891 laic
2684 831 2746 892 ir·-
2789 828 2902 891 allt
2954 829 3021 889 in
3063 827 3152 889 leit

250 926 327 991 bet
360 929 389 990 i
420 948 586 1011 penu
626 929 901 991 areitm‘r
943 930 1219 1015 huqeuou
1257 930 1323 991 ir
1346 939 1505 1011 pant
1547 925 1931 1010 (seeundum
1975 925 2206 991 saltum
2249 947 2439 1012 porro
2486 949 2688 1014 usque
2729 928 2796 995 in
2827 930 3152 1015 regionem

246 1038 389 1095 reete
438 1028 797 1115 oppositam
842 1030 1009 1095 ostio
1050 1028 1274 1112 vallis)
1314 1030 1456 1095 234.
1513 1026 1606 1092 bet
1636 1050 1805 1113 penu
1850 1028 2121 1092 arciueir
2163 1049 2242 1092 ar
2283 1029 2448 1092 mein
2493 1030 2759 1093 adimant
2800 1030 3032 1118 (usque
3070 1028 3150 1095 ad

244 1130 425 1195 locum
469 1153 504 1196 e
540 1130 805 1216 regione
832 1130 1119 1219 lapidum
1148 1130 1263 1215 A.)
1300 1132 1439 1197 199.
1491 1131 1733 1216 minqui
1758 1128 1922 1193 nikit
1947 1128 2200 1193 diuinid
2242 1127 2336 1193 bet
2361 1150 2530 1214 penn
2573 1134 2842 1196 aroiueir
2883 1152 2960 1195 ar
2983 1144 3150 1217 pant

245 1236 323 1297 ini
352 1235 515 1297 ceeia
566 1231 710 1317 (M,
744 1232 1093 1301 seeundum
1123 1254 1265 1299 eum
1297 1252 1549 1299 sursum
1591 1252 1796 1317 usque
1822 1230 1934 1295 ubi
1962 1239 2137 1295 reete
2169 1231 2466 1317 opposita
2508 1242 2609 1298 est
2633 1233 2785 1298 faux
2827 1234 2896 1299 in
2929 1234 3148 1319 dorso)

246 1336 363 1399 231.
448 1334 707 1401 Ibidem
747 1344 961 1403 tamen
1011 1335 1151 1401 sine
1192 1333 1536 1422 particula:
1588 1352 1758 1418 penu
1800 1331 2074 1397 aroiueir
2114 1354 2260 1397 eruc
2303 1334 2444 1399 246.
2517 1334 2612 1399 bet
2657 1358 2823 1421 penu
2877 1339 3151 1401 areium·

246 1436 371 1501 Imm
415 1436 725 1523 mihacyel
766 1439 911 1505 250.
966 1458 1001 1503 o
1025 1458 1189 1523 pena
1228 1438 1500 1503 arciueir
1542 1455 1695 1520 aper
1717 1432 1996 1515 finanum
2035 1433 2266 1500 euwdil
2307 1436 2451 1504 253.
2505 1437 2598 1501 hit
2628 1459 2797 1525 penu
2834 1439 3150 1523 quooiueir

242 1538 393 1623 {pant
434 1539 573 1603 149.

382 1638 721 1705 Formulae
762 1662 877 1727 pro
922 1640 1031 1706 lat.
1054 1638 1207 1706 ‘uua
1248 1660 1415 1705 cum:
1459 1660 1545 1723 yn
1584 1637 1966 1725 qorymdeitlz
2003 1648 2154 1725 yqyt
2195 1662 2272 1705 ar
2313 1641 2744 1726 amberawdyr
2787 1641 3148 1727 (ambulans

244 1762 349 1805 uua
408 1762 549 1807 oum
608 1741 1021 1828 imperatore)
1074 1740 1249 1809 Mab.
1298 1744 1353 1824 1,
1394 1742 1496 1807 21.
1561 1741 1635 1824 es
1677 1763 1719 1805 a
1767 1740 2159 1827 qymhellwye
2207 1762 2288 1827 φ·
2345 1744 2574 1829 ewiyed
2621 1756 2770 1829 yqyt
2821 1768 2897 1808 αϊ
2945 1748 3154 1832 qezjsjyr

240 1864 451 1927 ymywn
515 1843 691 1931 (ipse
734 1842 1043 1933 compulit
1097 1864 1323 1909 cervas
1362 1865 1492 1908 una
1532 1863 1675 1907 eum
1718 1841 1930 1929 capris
1987 1842 2181 1925 intra,
2237 1843 2521 1930 domum)
2585 1848 2638 1927 1,
2671 1846 2813 1910 236.
2879 1869 2955 1910 ac
3001 1860 3152 1933 yyyt

245 1966 305 2007 ac
338 1945 401 2026 ej
434 1949 625 2009 owein
683 1944 779 2030 (et
820 1968 951 2012 una
1005 1966 1147 2011 eum
1200 1944 1312 2011 illo
1359 1942 1473 2029 O.)
1535 1946 1588 2026 1,
1638 1946 1695 2007 1.
1794 1941 2156 2011 Pronomen
2208 1945 2653 2031 possessivum
2695 1968 2844 2013 esse
2887 1970 3147 2034 praeoe-

245 2044 377 2111 dens
420 2068 463 2133 y
517 2047 915 2115 demonstrat
970 2060 1042 2112 ae
1095 2047 1525 2114 combinatum
1584 2066 1731 2111 oum
1779 2046 2230 2113 coniunctione
2274 2069 2315 2111 α
2383 2046 2540 2132 (et):
2603 2050 2816 2135 qwedy
2863 2072 2908 2134 y
2963 2053 3152 2135 dyuot

239 2148 465 2232 ymplitk
515 2171 561 2233 y
598 2148 859 2235 yenedyl
911 2171 985 2214 ae
1022 2161 1134 2236 yyt
1168 2148 1607 2235 qgt‘edaokwyr
1650 2147 1826 2231 (oum
1872 2149 2162 2215 venisset
2216 2148 2384 2213 inter
2437 2158 2744 2235 cognatos
2791 2162 2980 2238 atque
3027 2178 3152 2219 una

241 2248 377 2314 inter
419 2248 790 2334 familiares)
856 2248 1031 2317 Mab.
1080 2254 1133 2331 1,
1180 2252 1293 2333 26,
1345 2250 1413 2315 in
1458 2271 1584 2337 quo
1632 2248 1926 2335 exemplo
1971 2249 2112 2315 sine
2151 2250 2465 2337 particula
2503 2274 2580 2315 ao
2621 2252 2842 2317 eadem
2885 2254 3151 2321 formula

242 2360 323 2414 est
368 2352 647 2417 adverbii
698 2352 864 2419 loeo.
960 2350 1040 2417 In
1094 2351 1405 2417 hodierna
1457 2350 1677 2437 lingua
1729 2350 1914 2416 aliter
1968 2371 2221 2417 versum
2292 2350 2437 2417 adv.
2487 2374 2577 2437 yn
2631 2354 2840 2440 nyhyd
2901 2357 3142 2440 (simul,

240 2474 367 2533 una3
406 2455 523 2539 cyd
563 2474 709 2519 eum
748 2476 971 2542 praep.
1010 2452 1148 2539 yn).

380 2554 821 2623 Nominalibus
866 2554 967 2621 his
996 2554 1581 2642 praepositionibus
1626 2553 1956 2621 addendae
1987 2561 2137 2621 sunt
2165 2554 2476 2641 quaedam
2518 2555 2826 2623 formulae
2854 2556 3149 2643 frequen-

238 2654 391 2719 tioris
420 2678 575 2722 usus
618 2658 689 2722 in
717 2658 881 2723 libro
910 2657 1344 2739 Laudavensi,
1388 2656 1689 2723 infinitivi
1735 2656 2060 2722 coniuncti
2103 2678 2244 2721 oum
2273 2679 2492 2744 praep.
2524 2658 2597 2721 di
2625 2658 2778 2739 linu,
2827 2660 2898 2721 di
2939 2662 3144 2725 circ-hu

240 2755 558 2838 (recentius
598 2781 643 2845 y
680 2760 939 2844 yyrclm,
987 2761 1069 2825 ad
1110 2758 1581 2847 procedendum
1598 2808 1615 2840 ‚
1662 2759 1744 2823 ad
1788 2758 2254 2845 quaerendum,
2309 2759 2352 2824 i.
2386 2782 2441 2824 e.
2487 2768 2666 2825 reeta
2707 2759 2818 2841 ad,
2861 2764 3139 2847 versus),

238 2858 322 2921 cin
358 2859 561 2925 circha
606 2860 785 2945 (ante
831 2862 1263 2946 quaerendum
1287 2912 1304 2943 ‚
1350 2861 1392 2925 i.
1426 2884 1479 2927 e.
1526 2862 1729 2943 ante):
1776 2882 1854 2923 ar
1895 2860 1988 2923 hic
2029 2862 2090 2923 ir
2117 2861 2282 2943 ford
2325 2858 2416 2925 bet
2461 2860 2611 2925 diar
2663 2862 2726 2923 ir
2769 2863 2885 2927 alle
2925 2868 3146 2929 iniaun

238 2958 305 3021 di
338 2960 503 3025 lina
556 2962 663 3027 dir
704 2962 841 3027 buin
881 2984 1067 3029 maur
1126 2962 1509 3049 (seeundum
1550 2962 1722 3029 viam
1766 2982 1974 3047 usque
2027 2962 2108 3025 ad
2149 2982 2462 3027 summum
2505 2962 2738 3029 saltum
2779 2976 2958 3032 reeta
3001 2992 3145 3053 pro-

238 3060 459 3129 cedenti
499 3063 582 3129 ad
626 3062 991 3131 staticetum
1028 3064 1355 3153 magnum)
1400 3066 1545 3131 251.
1601 3064 1833 3128 dinam
1875 3061 2228 3127 bachlatron
2271 3063 2553 3127 maliduc
2592 3077 2748 3128 naut
2791 3066 3145 3133 bachlatron

236 3163 417 3229 ininid
451 3168 523 3231 in
550 3177 726 3231 traua
770 3166 1141 3253 diyiroku
1184 3165 1355 3231 blein
1394 3176 1551 3231 nant
1592 3165 1791 3229 dunin
1835 3164 1952 3249 (ad
1979 3164 2211 3230 vallem
2235 3162 2335 3245 B„
2383 3166 2733 3231 secundm
2775 3167 2848 3232 Β.
2897 3192 3144 3236 sursum

234 3272 387 3331 trans
443 3265 699 3333 dorsum
756 3268 1089 3353 quaerenti
1137 3267 1381 3335 fontem
1434 3266 1640 3333 amnis
1678 3264 1959 3349 Dubini)
2004 3266 2106 3333 74.
2165 3264 2396 3351 yulible
2436 3269 2621 3333 inibit
2663 3270 3044 3355 diryuairet.
3075 3324 3088 3337 .
3129 3324 3142 3339 .

235 3365 433 3431 ι’πίωη
482 3369 565 3433 di
604 3370 875 3435 civ-olm
927 3370 1178 3454 hencres
1214 3371 1535 3437 merehitir
1588 3367 1734 3451 (Gn,
1780 3367 2133 3435 seeundum
2175 3388 2318 3431 eum
2364 3367 2656 3436 deorsum
2699 3380 2876 3435 reeta
2920 3375 2998 3438 ad
3043 3374 3127 3438 H.

234 3464 345 3551 Μ.)
389 3472 524 3536 174.
592 3470 700 3535 dir
740 3472 865 3537 ard
906 3475 1039 3536 mi
1089 3474 1153 3536 ir
1192 3472 1505 3538 douoiuui.
1562 3492 1639 3535 ar
1679 3470 1775 3533 hit
1816 3470 2002 3534 irard
2041 3469 2203 3533 nihit
2237 3490 2322 3553 ny
2368 3468 2520 3535 bron
2560 3472 2714 3537 iralc
2767 3475 2849 3537 di
2889 3478 2957 3539 ci
2965 3477 3144 3541 rehu

236 3566 383 3633 blais·
406 3583 563 3637 nant
588 3572 801 3637 kumir
831 3573 948 3658 (ad
976 3574 1205 3641 saltum
1233 3596 1465 3642 versus
1512 3573 1593 3639 ad
1622 3579 1825 3637 ortum
1856 3571 2045 3637 vallis
2074 3568 2214 3656 H.),
2259 3570 2485 3637 im‘mm
2523 3574 2733 3638 iuim‘d
2774 3576 3086 3641 dicurch
3103 3604 3143 3642 u

233 3672 299 3731 ir
326 3694 528 3758 quoun
573 3674 767 3741 breim
810 3700 889 3739 ar
929 3677 1095 3743 ceeia
1148 3676 1179 3739 i
1213 3677 1415 3743 minid
1474 3675 1683 3761 (reeta
1724 3696 1979 3740 sursum
2023 3672 2200 3737 eunti
2255 3672 2338 3737 ad
2377 3673 2683 3760 paludem
2725 3678 3141 3763 variegatam)

240 3773 359 3837 175.
392 3776 527 3841 187.
618 3775 957 3845 Similiter:
1004 3778 1077 3842 di
1100 3779 1311 3843 circha
1340 3779 1509 3842 trodi
1547 3776 1691 3842 218.
1746 3775 1817 3839 di
1843 3775 2056 3839 circha
2097 3776 2160 3839 ir
2191 3784 2354 3859 pant
2396 3775 2657 3841 inicedn
2701 3778 2843 3841 231.
2901 3780 3146 3843 diuinz'd

236 3874 295 3935 di
313 3875 511 3941 cio-clm
553 3878 747 3943 Imma
787 3882 851 3944 ir
880 3880 996 3945 allt
1037 3880 1181 3947 232.
1237 3880 1515 3946 diciroku
1546 3898 1715 3963 penu
1742 3876 2114 3963 queirclaud
2154 3876 2298 3941 253.
2383 3873 2566 3942 Idem
2605 3876 2958 3945 infinitivus
3003 3902 3145 3945 eum

234 3996 425 4064 praep.
468 3981 571 4043 σιέπ
614 3978 831 4067 (hyms,
874 3980 1025 4064 kint,
1070 4004 1133 4068 p.
1164 3980 1349 4065 651):
1408 3992 1563 4045 nant
1603 3980 1691 4045 du
1734 3978 2080 4065 dir-quatra
2137 3975 2232 4041 bet
2264 3999 2444 4063 pann
2488 3978 2684 4042 dacin
2727 3980 2967 4045 §nida-ir
3025 3984 3143 4046 cin

238 4079 471 4145 civ-clm
512 4080 621 4162 tas
652 4082 769 4167 (ad
808 4081 1053 4150 Dubim
1095 4105 1344 4149 amnem
1390 4082 1704 4163 deorsum,
1753 4080 1961 4147 donee
2004 4077 2226 4144 defluit
2263 4078 2333 4143 in
2375 4085 2604 4144 terram
2649 4088 2796 4145 ante
2825 4080 2920 4163 T.,
2967 4093 3143 4148 ante-

236 4198 398 4261 quam
435 4184 779 4268 pervenias
822 4183 893 4248 in
936 4183 1044 4269 T.)
1090 4186 1233 4251 247.

379 4281 661 4350 Tandem
724 4286 991 4352 verbum
1049 4286 1517 4353 substantivum
1577 4282 1788 4369 ipsum
1844 4280 2164 4368 expletive
2218 4280 2500 4347 additum
2552 4281 2804 4348 videtur
2855 4285 2964 4349 YS
3040 4288 3142 4351 vel

239 4382 443 4451 solum:
482 4406 749 4472 yeqwere
785 4389 877 4473 yd
916 4388 1058 4475 κομί
1087 4410 1175 4474 yn
1212 4388 1459 4453 kmheaw
1503 4384 1736 4449 aolclwi
1774 4383 2110 4471 vyycledgff
2142 4383 2288 4470 (per
2318 4382 2590 4468 spatium
2636 4408 2778 4450 sum
2807 4408 3137 4471 quaerens,

241 4482 447 4551 dudum
489 4487 783 4572 quaesivi
842 4490 954 4576 qui
1010 4490 1254 4556 lavaret
1296 4485 1573 4575 gladium
1616 4484 1859 4571 meum)
1911 4484 2086 4552 Mab.
2130 4485 2188 4566 2,
2221 4484 2375 4565 229,
2357 4510 2372 4524 ·
2434 4485 2539 4550 vel
2583 4508 2728 4551 eum
2767 4510 2986 4575 praep.
3025 4510 3136 4572 ψ.
3121 4515 3136 4529 ·

240 4582 403 4671 kanye
436 4588 681 4675 melosi
712 4612 795 4675 φ·
833 4592 1106 4677 yetalym
1159 4591 1573 4677 (quamquam
1617 4608 1729 4653 eos
1772 4609 1904 4653 non
1945 4586 2194 4653 viderat
2236 4585 2504 4673 dudum)
2549 4588 2608 4670 3,
2646 4588 2724 4652 13
2747 4609 2844 4673 sq.
2912 4611 3014 4654 am
3053 4612 3141 4654 na

241 4688 409 4755 meleu
451 4712 533 4778 φ·
570 4712 647 4776 ys
686 4692 841 4757 seith
880 4692 1131 4780 mlyned
1169 4693 1386 4779 undyn
1446 4688 1629 4775 (quia
1667 4711 1801 4755 non
1850 4688 1986 4797 vidi
2041 4710 2156 4775 per
2200 4697 2446 4775 septem
2501 4710 2704 4755 annos
2765 4710 3140 4775 quemquam

242 4786 555 4877 hominem)
597 4793 835 4873 3‚157.

379 4891 721 4961 Gornioa
760 4903 839 4959 et
880 4896 1325 4962 aremorica
1367 4893 1770 4962 substantiva
1810 4891 1918 4959 vel
1947 4891 2266 4957 adieetiva
2306 4892 2531 4961 eodem
2569 4892 2756 4959 modo
2799 4916 2925 4980 quo
2968 4916 3137 4959 oam—

242 4988 389 5059 brim
443 4970 995 5083 praepositionum
1036 4994 1179 5063 loeo
1236 5004 1587 5084 ponuntur,
1644 5003 1755 5061 aut
1805 4995 1954 5081 ipsa
1995 5015 2136 5060 oum
2181 4994 2603 5061 substantivis
2647 4994 2990 5061 coniuncta
3031 5004 3141 5061 aut

244 5091 605 5185 interpositis
645 5095 1003 5183 partieulis.
