3717 5642
612 347 738 413 574
799 349 938 412 (544.
966 349 1087 410 545)
1515 349 1638 418 III.
1685 351 1744 416 2.
1811 369 2033 418 vnum
2074 357 2254 420 lim-r.
2298 373 2645 422 monum.

779 531 965 602 Coni.
998 533 1162 620 sing.
1199 537 1252 599 1.
1285 557 1486 621 pei-s.:
1528 558 1658 624 μπμ
1687 541 1967 624 ωμρωμ]
1983 539 2227 626 (donec
2254 541 2423 627 scio)
2452 540 2627 608 Mab.
2664 544 2721 624 1,
2752 543 2896 609 253.
2928 543 2985 625 2,
3017 543 3121 609 54.
3174 541 3455 628 kymeint
3478 565 3557 608 ac

611 660 654 700 α
681 636 959 722 wypwyft
987 636 1262 720 (tantum
1292 647 1600 724 quantum
1631 663 1750 726 ego
1779 641 1949 722 scio;
1979 643 2020 706 i.
2056 665 2111 709 e.
2141 645 2499 730 wyd-pwgs',
2530 643 2910 730 wyd-bwff)
2944 647 3000 728 1,
3031 645 3173 712 288.
3248 647 3309 710 2.
3340 667 3551 730 pei-s.:

604 760 732 822 μπμ
777 739 855 801 lle
892 759 1080 823 μοι-εει
1137 762 1180 802 α
1221 740 1476 825 ωμρμσΙι
1518 741 1618 826 (in
1661 743 1804 808 loco
1851 743 2089 829 optimo
2134 766 2323 831 quem
2369 744 2571 829 scies)
2617 747 2675 827 2,
2708 747 2812 811 43.
2876 746 3147 832 ΙιεπρμοΙι
3182 746 3365 832 ywell
3404 744 3553 828 (va-

610 838 745 904 leas
789 840 1047 920 melius;
1102 840 1371 906 formula
1414 843 1764 926 salutandi)
1809 847 1872 926 2,
1918 847 1979 913 6.
2022 847 2125 911 55.
2167 847 2313 911 219.
2368 847 2427 929 3,
2461 849 2561 913 92.
2660 849 2719 914 3.
2761 869 2963 934 pers-2
3025 847 3149 934 pob
3190 848 3430 912 atainei!
3480 869 3555 909 or

612 943 926 1026 ayyfatffo
997 964 1075 1005 ac
1124 943 1194 1023 ‘ff
1250 942 1566 1028 (quodvis
1633 946 1869 1011 animal
1932 968 2202 1033 quocum
2270 949 2674 1033 convenerit)
2730 951 2787 1030 1,
2830 950 2973 1014 293.
3048 949 3265 1034 μωεᾱμ
3324 949 3553 1030 dar-ffb

609 1043 809 1104 vadunt
851 1042 1222 1128 (postquam
1265 1047 1614 1132 perfectum
1660 1048 1782 1113 erit
1821 1048 1925 1128 iis,
1970 1071 2036 1135 p.
2066 1048 2478 1136 perfecerint)
2522 1052 2581 1131 3,
2616 1051 2759 1114 302.
2824 1073 2901 1114 ac
2940 1072 3025 1135 πμ
3070 1050 3191 1135 byd
3230 1074 3319 1114 tm
3362 1051 3553 1114 dalem

612 1165 691 1205 ar
729 1166 774 1227 μ
807 1166 1012 1228 prena
1054 1169 1138 1231 πμ
1181 1148 1387 1231 dar-ffo
1440 1171 1522 1233 μγ·
1558 1161 1770 1234 μαωαε
1810 1173 1886 1212 eu
1928 1152 2111 1236 ἀωμπ
2154 1153 2393 1237 (neque
2436 1151 2561 1216 erit
2602 1173 2796 1216 unum
2823 1151 3049 1217 folium
3088 1153 3158 1218 in
3188 1154 3434 1232 arbore,
3480 1163 3554 1216 ut

609 1266 738 1308 non
783 1245 1119 1330 perfecerit
1159 1258 1507 1334 tempestas
1551 1273 1768 1317 eorum
1811 1252 2230 1338 ablationem)
2280 1257 2333 1335 1,
2367 1255 2426 1319 8.
2494 1274 2579 1336 πμ
2622 1275 2765 1316 ωππ
2802 1255 2833 1317 i
2872 1253 2989 1318 neb
3030 1274 3104 1319 ae
3139 1278 3357 1341 ywypo
3401 1256 3551 1340 (ne-

609 1345 743 1411 scio
790 1367 1169 1433 quemquam
1213 1351 1323 1435 qui
1366 1351 1431 1416 id
1479 1352 1670 1437 sciat)
1730 1354 1788 1434 2,
1821 1354 1967 1418 234.
2038 1376 2176 1420 aces
2214 1355 2545 1420 οΙιοπαωσΙι
2584 1355 2745 1420 01ιωί
2783 1357 3075 1443 aadnapo
3122 1379 3169 1442 μ
3211 1358 3553 1442 uarclwqes

605 1469 785 1512 raeco
830 1447 1044 1532 (estne
1091 1472 1126 1514 e
1153 1451 1342 1518 vobis
1386 1453 1495 1538 qui
1537 1455 1709 1520 norit
1749 1456 1922 1520 illam
1966 1457 2291 1522 mulierem
2335 1456 2753 1543 equitantem)
2786 1459 2843 1539 3,
2882 1459 2980 1522 16.
3036 1481 3113 1522 ac
3138 1479 3223 1542 πμ
3252 1457 3561 1544 thebyqaf

607 1569 680 1610 cr
721 1549 900 1612 nium·
941 1551 1080 1614 Imm
1123 1552 1211 1616 oll
1247 1553 1362 1617 neb
1403 1566 1513 1639 nyt
1553 1557 1846 1642 adnappo
1890 1569 1991 1622 vot
2024 1581 2069 1644 μ
2099 1559 2243 1625 mab
2278 1582 2367 1646 μπ
2408 1558 2535 1624 aab
2568 1559 2767 1645 Ρωμὶἰ
2805 1556 2960 1642 (nec
2988 1559 3219 1646 opinor
3257 1582 3343 1625 ex
3370 1561 3551 1626 omni

605 1649 727 1714 hac
770 1647 1170 1718 multitudine
1215 1676 1594 1742 quemquam
1633 1680 1765 1724 non
1808 1660 2241 1744 cogniturum,
2294 1683 2563 1748 puerum
2606 1683 2754 1728 esse
2794 1661 3001 1728 filium
3040 1659 3149 1745 P.)
3206 1663 3265 1744 3,
3298 1663 3407 1727 24.
3474 1684 3552 1726 ω·

607 1751 838 1836 ὁνεπμπ
879 1752 1100 1837 byeufo
1141 1756 1290 1840 εἶίμε
1331 1756 1404 1840 (a
1429 1779 1580 1844 rege
1626 1760 1735 1846 qui
1776 1761 2108 1847 possideat
2136 1762 2408 1848 curiam)
2436 1763 2595 1850 Leg.
2631 1767 2685 1846 1,
2724 1765 2819 1845 14,
2852 1765 2911 1828 5.
2976 1785 3084 1828 ene
3114 1765 3349 1849 pycnjo
3394 1764 3549 1848 (do-

605 1875 728 1918 nec
770 1851 867 1938 p.)
930 1857 986 1936 1,
1024 1857 1119 1938 17,
1151 1858 1212 1921 6.
1295 1857 1474 1924 Plur.
1525 1863 1577 1924 1.
1623 1883 1824 1946 persa
1878 1885 1960 1948 μν
1993 1865 2301 1948 ymdidan
2336 1887 2527 1951 yoreu
2569 1890 2612 1932 a
2650 1887 2890 1951 wypom
2928 1866 3161 1930 nivenen
3202 1865 3276 1929 ni
3308 1885 3387 1930 ae
3430 1866 3549 1951 (ἰμ-

603 1957 834 2019 wedwn
877 1956 981 2020 itti
1021 1956 1478 2040 (narrationem
1523 1963 1850 2048 optimam,
1898 1987 2090 2052 quam
2129 1966 2404 2033 sciemus
2446 1990 2598 2051 nos,
2646 1967 2931 2034 dicemus
2974 1989 3115 2033 eam
3154 1965 3305 2052 tibi)
3362 1963 3546 2030 Mab.

613 2061 667 2137 1,
710 2059 769 2120 2.
859 2057 917 2122 3.
959 2079 1158 2142 pers..
1217 2062 1492 2146 eqladoec
1531 2065 2012 2151 ackaruarfoent
2054 2089 2130 2132 ac
2172 2089 2373 2132 arnon
2416 2068 2745 2154 (regiones
2790 2091 2953 2155 quac
2994 2068 3375 2155 contingunt
3416 2069 3547 2134 Ar·

609 2157 894 2242 boniam)
935 2157 1096 2245 Leg.
1129 2162 1188 2242 2,
1221 2163 1282 2241 2,
1315 2166 1370 2227 1.

773 2261 994 2326 Praes.
1042 2285 1170 2327 sec.
1219 2265 1383 2351 sing.
1433 2270 1488 2330 1.
1532 2288 1736 2354 pers.:
1773 2269 1887 2352 pei
1918 2293 2239 2358 μωμριοπ.
2266 2319 2283 2336 .
2310 2321 2325 2336 .
2357 2273 2449 2334 mi
2489 2297 2530 2336 a
2554 2275 2961 2358 ymdidanwn
3004 2274 3095 2360 (si
3137 2272 3373 2341 scirem
3418 2296 3547 2359 ego

603 2386 955 2442 narrarem3
1001 2393 1068 2416 =
1090 2367 1462 2451 μωμιὶ-ριυπ,
1507 2369 1707 2452 -ὺωπ)
1750 2368 1926 2437 Μιώ.
1963 2376 2017 2455 1,
2051 2375 2194 2440 260.
2254 2376 2367 2460 pei
2404 2395 2749 2460 asywypwn
2788 2377 2882 2440 mi
2918 2377 3307 2462 aedywedwn
3350 2374 3443 2460 (si
3472 2376 3547 2440 id

603 2467 864 2546 scirem,
926 2487 1046 2549 ego
1089 2465 1156 2530 id
1202 2468 1508 2554 dicerem)
1553 2473 1612 2553 2,
1645 2473 1788 2537 233.
1892 2475 1948 2539 2.
1994 2498 2194 2561 persa
2252 2477 2367 2562 pei
2406 2489 2661 2562 μωμρπι
2714 2489 2825 2562 πμι
2864 2479 3123 2543 abcedat
3176 2478 3267 2562 (si
3312 2477 3545 2556 scires,

601 2593 732 2635 non
779 2564 1073 2649 sederes)
1123 2571 1177 2650 1,
1211 2571 1353 2637 286.
1441 2573 1502 2638 3.
1549 2596 1749 2660 pers:
1797 2598 1853 2640 a.
1898 2597 1972 2640 or
2009 2577 2323 2663 lcgsuarffei
2359 2600 2403 2663 μ
2428 2589 2645 2664 μωμπε
2684 2577 2774 2664 (si
2802 2580 3231 2646 conveniebat
3272 2579 3545 2662 ventus)

604 2673 662 2752 3,
703 2673 846 2736 299.
921 2690 1050 2766 yny
1109 2678 1338 2764 davffei
1395 2697 1440 2759 μ
1493 2687 1718 2761 vatca
1774 2675 2014 2762 (donec
2065 2680 2249 2745 finita
2302 2689 2477 2746 esset
2532 2679 2723 2764 cena)
2778 2681 2839 2763 3,
2883 2681 3028 2747 273.
3102 2682 3213 2766 pei
3252 2684 3550 2766 quppet'

602 2799 647 2862 μ
689 2797 832 2838 maa·
834 2773 1039 2849 chawo
1079 2785 1316 2848 hwnnw
1355 2780 1564 2864 Ιιμηπμ
1600 2779 1824 2864 ydonei
1858 2779 1971 2865 μιΙι
2012 2780 2313 2866 amdiffyn
2368 2779 2460 2865 (si
2503 2781 2701 2847 sciret
2751 2781 2879 2848 iste
2924 2804 3122 2869 eques
3164 2780 3369 2862 istud,
3428 2804 3545 2848 ve-

605 2883 775 2950 niret
815 2884 898 2950 ad
940 2895 1006 2952 te
1049 2878 1472 2964 liberandam)
1523 2883 1576 2961 1,
1608 2880 1708 2944 32.
1791 2905 1832 2945 a
1873 2882 2072 2966 wypei
2108 2881 2241 2945 dim
2296 2880 2413 2965 (an
2455 2882 2621 2948 sciat
2660 2883 2938 2971 aliquid)
2994 2887 3051 2966 1,
3102 2883 3199 2948 10.
3266 2894 3379 2968 ayt
3420 2885 3549 2948 ced

608 2987 731 3070 άμπ
773 2988 1095 3070 aadnapei
1142 3007 1186 3070 μ
1223 2983 1382 3070 μενά
1429 2981 1627 3046 homo
1685 2980 1847 3063 (non
1890 2991 2027 3048 erat
2064 2981 2253 3048 homo
2306 2983 2419 3070 qui
2460 2985 2876 3070 cognovisset
2930 2993 3181 3052 cautum
3223 2981 3427 3068 hunc)
3476 2985 3543 3066 2,

607 3089 748 3153 391.
803 3093 917 3174 pei
954 3088 1191 3172 hanffei
1223 3083 1358 3148 well
1402 3083 1492 3167 (si
1518 3083 1750 3150 melius
1793 3105 1867 3149 se
1897 3081 2190 3169 haberet)
2234 3085 2294 3166 2,
2325 3086 2469 3150 240.
2530 3085 2821 3170 μΙιιιμόοά
2848 3107 2989 3170 puy
3032 3085 3285 3170 byeusey
3328 3084 3545 3150 eblaen

604 3187 719 3273 (ad
749 3190 1082 3256 sciendum
1111 3188 1255 3276 quis
1285 3187 1646 3274 possideret
1673 3187 1955 3272 ipsorum
1988 3185 2377 3271 ductionem)
2398 3186 2558 3271 Leg.
2592 3187 2651 3268 2,
2678 3187 2737 3268 2,
2768 3189 2825 3250 1.
2891 3187 2954 3252 b.
2992 3189 3101 3270 pei
3124 3190 3216 3251 mi
3240 3212 3283 3252 a
3308 3200 3545 3252 wascut

605 3291 768 3375 uelly
821 3314 906 3376 πμ
961 3291 1221 3376 ονιιμᾱεί
1273 3311 1351 3353 ar
1393 3289 1562 3353 aral!
1610 3289 1754 3375 aym
1805 3289 1951 3352 rodi
1993 3309 2037 3372 μ
2088 3287 2258 3351 serch.
2300 3273 2507 3371 ar'uas
2552 3286 2645 3372 (si
2686 3310 2789 3354 me
2828 3287 3183 3373 pressisses
3226 3287 3347 3369 ita,
3406 3311 3540 3353 non

607 3389 1032 3478 superfuisset
1090 3391 1200 3456 alii
1259 3391 1556 3475 cuiquam
1613 3399 1859 3455 vertere
1916 3410 2189 3453 amorem
2246 3410 2431 3454 suum
2484 3390 2556 3454 in
2597 3390 2734 3474 me)
2791 3387 2967 3454 Mab.
3013 3389 3071 3470 2,
3114 3389 3257 3454 217.
3334 3411 3411 3454 ac
3452 3413 3539 3473 πμ

605 3493 894 3580 wybydei
933 3492 1046 3556 neb
1087 3493 1308 3580 unqeir
1349 3495 1500 3575 (nec
1531 3491 1776 3558 sciebat
1816 3490 2151 3576 quisquam
2193 3489 2388 3556 ullum
2416 3491 2713 3576 verbum)
2744 3493 2803 3575 3,
2832 3491 2937 3558 30.
3022 3489 3195 3558 Plur.
3239 3491 3299 3557 3.
3330 3512 3535 3577 pem:

600 3595 868 3681 leymeint
911 3596 1023 3658 ced
1063 3615 1136 3657 eu
1173 3593 1414 3680 ywybot
1453 3615 1528 3658 ac
1567 3603 1680 3658 nat
1720 3593 1834 3656 oed
1869 3591 2324 3675 ymadroewd..
2352 3615 2509 3678 ,πμε
2546 3605 2841 3678 μωμρμπε
2882 3593 3091 3678 (tants.
3132 3601 3271 3657 erat
3314 3613 3535 3657 eorum

611 3695 900 3778 scientia,
945 3706 1016 3760 ut
1057 3719 1187 3761 non
1231 3706 1406 3761 esset
1449 3693 1893 3781 colloquium„
1922 3691 2179 3778 ..quod
2221 3693 2580 3778 nescirent)
2624 3694 2685 3776 3,
2711 3695 2898 3761 299.

767 3796 1025 3862 Praet.
1069 3796 1250 3883 prim.
1298 3795 1462 3882 sing.
1512 3798 1566 3860 1.
1596 3815 1796 3881 pers.:
1839 3813 1973 3876 pan
2008 3813 2373 3878 yyuamum
2406 3797 2693 3882 yyaeeuin
2736 3817 2947 3861 amam
2979 3817 3025 3880 μ
3050 3817 3305 3882 αοησμπ
3332 3795 3536 3860 bonno

601 3899 776 3983 (cum
806 3897 1082 3984 primum
1110 3897 1382 3964 conveni
1411 3905 1674 3962 matrem
1700 3893 1952 3981 puellae
1982 3891 2187 3978 illius)
2216 3893 2394 3962 Mab.
2427 3899 2485 3979 2,
2519 3897 2661 3961 222.
2714 3895 2899 3980 kyecu
2940 3895 3329 3961 eumachum
3366 3896 3400 3959 s·
3422 3897 3539 3962 nal

599 3999 968 4086 nawybuum
1007 4019 1140 4082 pan
1182 3999 1321 4062 aeth,
1361 3998 1440 4083 ef
1468 3995 1770 4083 (dormivi
1815 4018 1955 4080 ege,
2002 4003 2071 4058 ut
2112 3996 2469 4080 nescierim,
2516 4021 2659 4065 cum
2699 3997 2861 4063 abiit
2900 3996 3044 4081 ille)
3087 3997 3146 4077 2,
3178 3997 3238 4063 9.
3292 3998 3387 4060 mi
3426 3999 3537 4062 ath

600 4101 961 4167 adnabam
999 4121 1176 4182 pann
1213 4099 1324 4184 μιΙι
1363 4100 1558 4163 ωείεἰε
1595 4098 1831 4184 yyntas
1857 4117 2103 4182 μμππειι
2145 4097 2299 4184 (ego
2342 4099 2617 4185 cognovi
2658 4107 2744 4182 te,
2788 4120 2931 4164 cum
2972 4096 3247 4184 primum
3288 4107 3354 4164 te
3396 4097 3533 4163 vidi

600 4205 818 4290 antea)
849 4205 911 4284 2,
945 4202 1004 4267 9.
1093 4203 1152 4266 2.
1197 4221 1396 4287 pers.:
1439 4209 1730 4285 you-uuest
1758 4198 1830 4260 di
1870 4196 2254 4283 (superasti)
2305 4202 2359 4281 l,
2391 4201 2536 4266 259.
2624 4202 2683 4266 3.
2727 4221 2931 4286 pei-s.:
2968 4219 3107 4285 pan
3138 4201 3309 4285 dyuu
3350 4198 3533 4284 (cum

598 4301 1162 4394 appropinquavit)
1205 4303 1265 4382 2,
1303 4301 1444 4365 197.
1509 4321 1584 4364 ac
1624 4323 1708 4385 πμ
1750 4299 1897 4383 orsu
1939 4299 2037 4384 (et
2076 4321 2210 4364 non
2253 4299 2552 4387 perfecit)
2602 4299 2658 4384 1,
2691 4302 2791 4366 24.
2860 4299 2998 4366 athi
3038 4323 3081 4366 a
3120 4323 3280 4366 orum
3320 4301 3419 4387 (et
3460 4313 3533 4366 tu

601 4407 840 4487 vicisti3
883 4405 1177 4493 impers.)
1212 4406 1267 4484 1,
1295 4403 1397 4468 25.
1459 4424 1504 4486 μ
1541 4401 1832 4486 Ιομιιαοηιπ
1876 4423 1951 4466 ao
1978 4413 2144 4486 wynt
2184 4399 2467 4485 (obviam
2508 4402 2590 4470 iis
2634 4403 2842 4470 factus
2888 4401 3018 4486 est)
3060 4403 3121 4483 2,
3151 4403 3257 4468 42.
3318 4404 3533 4488 aphau

598 4531 880 4596 aryanvu
935 4507 1031 4592 (et
1073 4529 1213 4572 cum
1258 4502 1734 4587 animadvertit)
1781 4505 1835 4584 1,
1882 4503 2026 4567 241.
2098 4503 2192 4587 μά
2231 4525 2523 4591 arqamm
2564 4507 2789 4570 arthur
2825 4514 2997 4589 wynt
3048 4503 3533 4588 (animadvertit

597 4613 680 4676 A.
735 4610 891 4695 eos)
940 4613 994 4689 1,
1038 4611 1137 4673 25.
1223 4605 1434 4690 aphau
1485 4605 1694 4669 damu
1747 4616 1949 4689 υιυμεα
2010 4603 2119 4689 (et
2168 4613 2505 4692 postquam
2558 4607 2845 4693 perfecta
2890 4605 3013 4672 fuit
3066 4607 3269 4689 cena)
3327 4607 3381 4688 1,
3425 4608 3531 4671 62.

597 4712 806 4798 aphau
845 4711 1026 4796 wybu
1062 4733 1151 4795 μη
1191 4709 1446 4792 Ῐιμερμε,
1503 4707 1714 4792 aphau
1755 4705 1935 4790 wybu
1976 4707 2048 4787 es
2082 4707 2291 4792 Ιιμππμ
2345 4706 2441 4790 (et
2483 4729 2627 4773 cum
2668 4709 2862 4776 sciret
2904 4717 3109 4789 certe,
3166 4717 3233 4773 et
3274 4728 3417 4772 cum
3460 4708 3531 4774 id

598 4814 792 4879 sciret
829 4813 1003 4898 ipse)
1057 4811 1114 4892 2,
1164 4811 1260 4875 12.
1307 4809 1406 4872 34.
1474 4831 1550 4871 ac
1586 4809 1678 4892 μά
1717 4806 1971 4872 adnabu
2013 4806 2111 4891 (et
2152 4808 2484 4893 cognovit)
2530 4809 2588 4891 3,
2634 4811 2778 4878 271.
2820 4813 2965 4876 273.
3030 4833 3073 4873 a
3114 4812 3207 4872 mi
3242 4807 3451 4872 breina
3485 4833 3531 4893 μ

597 4917 783 4978 (linas
827 4937 902 4978 ar
944 4912 1152 4975 castell
1189 4911 1287 4994 (et
1329 4931 1448 4994 ego
1492 4909 1757 4994 possedi
1801 4908 2105 4995 oppidum
2149 4917 2214 4971 et
2242 4909 2553 4993 castrum)
2598 4911 2656 4992 2,
2693 4914 2789 4978 14.
2875 4911 3048 4977 Plur.
3094 4911 3153 4976 3.
3196 4931 3403 4996 pei-s.:
3451 4934 3531 4974 ac

597 5041 638 5078 α
666 5026 934 5082 orummt
977 5014 1073 5097 (et
1103 5011 1590 5098 superaverunt)
1630 5014 1682 5091 1,
1713 5012 1814 5076 35.
1870 5033 1945 5074 ac
1970 5033 2099 5095 μπα
2126 5031 2211 5093 πμ
2238 5009 2531 5095 ωμόιιαπε
2572 5009 2671 5096 (et
2695 5022 2829 5080 tum
2858 5011 3259 5095 nescierunt)
3286 5014 3348 5095 3,
3380 5011 3527 5078 214.
