3717 5642
598 392 720 455 976
814 392 955 453 (962)
1272 388 1385 455 VI.
1430 390 1491 455 2.
1562 405 2034 454 consmucno
2075 405 2366 453 roanos
2413 406 2847 453 san-mmm.

765 572 926 639 Tum
978 576 1051 639 in
1107 574 1380 659 singulis
1427 574 1717 640 versibus
1775 583 2139 639 constanter
2193 574 2349 659 (nisi
2410 575 2578 660 quod
2631 574 2947 638 interdum
2999 575 3069 636 in
3111 573 3474 639 brevissimis

600 676 932 741 versiculis
964 678 1289 762 quinarum
1323 676 1705 762 syllabarum
1736 674 2123 760 neglegitur)
2155 687 2299 740 ante
2329 676 2717 741 terminalem
2753 674 3230 741 consonantiam
3260 684 3476 736 antece-

602 778 758 841 dens
803 776 1081 843 lateralis
1126 776 1526 864 contraponit
1566 776 1673 840 vel
1716 776 1972 862 copulat
2013 776 2326 843 vocabula
2367 778 2690 843 minimum
2733 778 2877 856 due,
2925 798 3122 862 saepe
3149 775 3284 852 tria,
3323 798 3474 860 prae-

602 878 815 943 sertim
870 878 937 942 in
993 881 1284 944 versibus
1341 878 1751 963 amplioribus
1807 878 2139 962 (denarum
2183 879 2287 943 vel
2329 879 2758 945 duodenarum
2805 879 3219 965 syllabarum,
3262 876 3358 961 qui
3395 876 3473 938 in-

606 980 848 1044 cisione
896 980 1267 1044 dirimuntur
1310 980 1475 1045 sicut
1518 979 1811 1063 gallicani
1856 978 2140 1043 eiusdem
2187 980 2491 1065 ambitus)
2537 992 2630 1046 ut:

912 1098 1061 1157 Buh.
1104 1098 1202 1155 86:
1278 1097 1457 1155 Orcza
1497 1117 1593 1155 oza
1629 1108 1709 1155 tut
1744 1104 1899 1174 maty
2267 1118 2328 1155 oz
2368 1100 2542 1157 eleuet
2581 1120 2644 1157 en
2687 1102 2782 1157 bet
2817 1118 2944 1155 man

1262 1199 1349 1250 tut
1387 1212 1425 1249 a
1464 1192 1593 1249 brut
1632 1212 1667 1249 a
1708 1192 1876 1268 study
2263 1212 2318 1249 ez
2360 1194 2470 1268 day
2510 1212 2712 1250 sascun
2750 1212 2904 1249 unan

1258 1307 1328 1345 vn
1370 1306 1568 1363 sourcy
1610 1306 1699 1343 am
1733 1305 1884 1361 qruy
1924 1286 2054 1344 bras
2272 1292 2452 1345 can-sit
2487 1288 2711 1343 breman
2751 1286 2878 1361 a[n]
2919 1303 3030 1342 caS.

1180 1418 1235 1474 p.
1279 1402 1341 1455 4:
1413 1396 1539 1455 Cleo
1582 1398 1868 1457 Patricius
1907 1401 2097 1457 diuset

1425 1494 1499 1549 les
1537 1512 1609 1549 an
1644 1493 1813 1566 placo
1850 1513 1980 1553 man
2019 1514 2096 1551 na
2135 1495 2268 1551 ohan
2311 1500 2447 1567 quet

1260 1622 1291 1643 §-
1426 1604 1530 1643 eux
1568 1586 1789 1645 ahanen
1832 1589 1910 1645 da
1948 1599 2120 1645 emten
2161 1594 2259 1646 net

1424 1691 1561 1753 qaut
1600 1682 1698 1737 doe
1736 1700 1795 1737 so
1835 1700 1972 1738 cren
2010 1683 2460 1755 yourkemennet.

1050 1812 1109 1868 p.
1155 1794 1247 1853 7⁰.
1313 1792 1655 1865 Buanequez
1685 1810 1696 1822 ·
1727 1810 1793 1849 ez
1836 1792 2010 1851 bechez
2049 1810 2158 1849 naz
2197 1794 2357 1849 bezet

1308 1906 1387 1943 na
1422 1904 1529 1960 qra
1568 1896 1691 1960 quet
1728 1887 1869 1944 clem
1901 1904 1914 1917 ·
1943 1908 2018 1945 na
2058 1889 2168 1946 lem
2209 1906 2287 1943 na
2325 1887 2609 1961 blasphem
2649 1900 2787 1960 quet.

1305 2000 1383 2038 na
1420 1980 1591 2037 millio
1626 1988 1762 2055 quet
1792 2001 1805 2013 ·
1834 1983 1932 2039 dre
1969 2002 2076 2057 nep
2115 1983 2290 2039 drouc
2327 1981 2514 2055 apetit

1308 2070 1387 2129 niz
1422 2092 1531 2147 φα
1571 2076 1646 2131 da
1686 2076 1798 2133 den
1828 2096 1839 2109 ·
1869 2096 1976 2151 nep
2015 2087 2222 2134 ter-men
2261 2076 2438 2131 drouc
2477 2094 2546 2131 en
2590 2076 2685 2132 bet

1306 2187 1414 2241 φα
1452 2189 1489 2225 α
1522 2188 1636 2244 pep
1676 2171 1799 2227 vice
1827 2188 1841 2202 ·
1868 2170 2064 2227 iusticc
2103 2168 2346 2225 (Iiualicc
2383 2176 2480 2226 net

1306 2266 1591 2338 pacientet
1616 2278 1630 2293 ·
1659 2282 1725 2321 en
1763 2264 1857 2321 bet
1897 2282 1960 2321 80
1998 2264 2142 2321 dleet
2181 2265 2282 2321 dit.

1048 2410 1106 2467 p.
1149 2392 1241 2449 72.
1310 2391 1371 2447 E
1406 2392 1607 2468 diequy
1637 2411 1651 2424 ·
1680 2411 1741 2449 80
1780 2410 1912 2469 muy
1949 2410 2075 2449 mar
2109 2392 2325 2449 studiez

1316 2486 1434 2542 euel
1468 2504 1547 2541 tm
1572 2484 1692 2559 soll
1720 2504 1732 2517 ·
1762 2504 1837 2541 an
1878 2485 1956 2543 011
1995 2504 2052 2543 ez
2091 2504 2172 2542 em
2211 2484 2389 2542 collez

1316 2580 1519 2653 preder
1558 2566 1680 2635 {naz
1720 2598 1787 2637 ez
1816 2598 1828 2610 ·
1858 2598 1936 2635 na
1972 2598 2096 2635 mz
2134 2580 2289 2637 dleez
2330 2578 2497 2635 bezaf
2537 2570 2544 2577 ’

1314 2674 1439 2730 berr
1478 2674 1552 2729 ha
1590 2674 1777 2731 estlam
1808 2694 1822 2707 ·
1853 2674 1976 2731 leun
2015 2692 2053 2729 a
2092 2671 2240 2731 blam
2281 2693 2340 2731 eo
2379 2691 2603 2731 namser

1320 2767 1414 2824 bez
1454 2768 1691 2841 diligant
1718 2786 1732 2800 ·
1762 2786 1799 2823 a
1839 2774 2138 2825 comanant
2175 2771 2361 2825 antier

1315 2880 1382 2917 ne
1423 2862 1563 2917 dem:
1602 2860 1817 2917 mechel-
1846 2878 1859 2891 ·
1887 2880 1954 2916 ne
1990 2862 2172 2933 qaller
2211 2860 2491 2937 ἀφεταὶ*

1320 2988 1451 3045 “Ira
1488 2988 1549 3046 in
1590 2988 1709 3047 vita
1748 2994 1847 3045 tua
1887 3007 1960 3045 ne
1999 2988 2076 3047 sit
2113 2989 2242 3061 tibi,

1317 3081 1431 3139 noli
1473 3082 1637 3158 queri
1677 3100 1784 3139 nec
1822 3099 2027 3140 acuere
2068 3100 2174 3141 nec
2213 3083 2614 3159 blasphemari,

1316 3198 1387 3234 ne
1428 3175 1799 3234 maledixeris
1837 3176 1956 3233 ullo
1995 3176 2148 3235 malo
2185 3176 2492 3249 desiderio,

1326 3290 1398 3328 ne
1438 3271 1642 3328 feceris
1682 3271 1950 3347 cuiquam
1987 3271 2109 3331 ullo
2149 3278 2406 3348 tempore
2446 3269 2658 3328 malum
2701 3268 2953 3325 omnino.

1316 3366 1433 3424 Fac
1472 3365 1723 3423 cuiusvis
1762 3366 1891 3423 vitii
1933 3367 2214 3425 iustitiam
2255 3366 2378 3423 sine
2423 3364 2642 3423 malitia
2680 3364 2921 3435 sincere,
3019 3370 3026 3379 ·

1320 3459 1603 3535 patientia
1640 3460 1874 3517 omnino
1912 3466 1972 3517 te
2011 3460 2194 3520 decet.

1322 3586 1615 3663 Pigritiae‚
1657 3605 1805 3662 quae
1845 3592 1934 3645 est
1972 3589 2174 3661 maior,
2216 3588 2265 3645 si
2307 3588 2590 3663 indulgeS,

1324 3689 1388 3738 ut
1429 3681 1639 3739 stultus
1679 3699 1908 3737 omnem
1944 3688 2003 3739 te
2042 3682 2256 3757 perdis.

1318 3774 1523 3852 Cogita
1560 3775 1845 3851 quomodo
1885 3775 2145 3833 ambules
2185 3783 2245 3833 et
2282 3775 2470 3851 qualis
2509 3774 2722 3833 debeas
2761 3792 2916 3843 esse3

1318 3871 1491 3927 breve
1533 3876 1592 3926 et
1627 3868 1866 3927 mirifice
1905 3869 2141 3949 plenum
2182 3868 2480 3927 dedecoris
2522 3875 2610 3925 est
2647 3876 2893 3943 tempus.

1322 3964 1463 4021 Esto
1502 3962 1753 4039 diligens
1793 3963 1950 4019 omni
1988 3970 2178 4040 pacto,

1324 4076 1436 4113 non
1478 4062 1567 4114 est
1606 4074 1769 4132 opus,
1812 4074 1926 4113 non
1967 4062 2159 4131 potest
2195 4054 2471 4115 differri.’'

788 4184 1213 4252 Conferantur
1258 4207 1481 4249 versus
1529 4184 1725 4248 additi
1769 4184 1836 4247 in
1883 4192 2202 4269 postrema
2249 4184 2485 4270 pagina
2529 4183 2874 4248 Catholici:

1424 4304 1615 4360 Euzen
1656 4303 1882 4377 Roperz
1915 4319 1928 4333 ·
1961 4304 2144 4359 credet
2182 4322 2356 4377 querz
2399 4322 2435 4359 a
2475 4302 2686 4359 leam-du

1354 4406 1363 4415 '
1426 4416 1488 4455 en
1533 4416 1819 4471 composas
1846 4416 1859 4429 ·
1891 4416 2004 4470 unq
2039 4415 2148 4471 pas
2188 4397 2430 4468 nesallas
2473 4408 2528 4451 ru

1423 4491 1627 4547 bedenn
1666 4510 1792 4565 yssu
1820 4510 1831 4524 ·
1864 4491 1966 4547 hac
2005 4510 2068 4547 en
2113 4495 2417 4550 continuas.

759 4657 783 4683 ‘
818 4654 893 4707 De
927 4652 1190 4705 vocabulis
1236 4652 1555 4705 adnotanda:
1592 4652 1879 4722 bumoeyuez
1911 4656 1981 4719 (p.
2008 4654 2147 4716 847).
2209 4652 2348 4711 elem,
2385 4653 2547 4720 queri,
2584 4650 2692 4712 lem,
2727 4654 2929 4703 acutus.
2969 4652 3146 4722 Iemaff
3171 4666 3350 4711 acuere,
3376 4644 3482 4699 Cath-

622 4724 795 4782 millio,
834 4724 938 4774 hib.
963 4724 1062 4773 vet.
1100 4718 1354 4785 maldach,
1394 4726 1775 4789 transumptum
1802 4723 1890 4774 lat.
1915 4720 2230 4774 maledicere.
2265 4736 2325 4773 en
2349 4720 2439 4783 bet,
2478 4723 2532 4772 in
2557 4720 2764 4781 mundo,
2801 4719 3196 4787 significationis
3217 4716 3484 4773 esses-idem

624 4793 923 4845 intensivae.
994 4790 1219 4855 Scriptio
1272 4806 1331 4840 ec
1367 4804 1459 4855 pro
1493 4806 1517 4841 s
1555 4805 1669 4843 rara
1722 4796 1802 4842 est
1855 4791 1910 4841 in
1945 4790 2154 4841 vocibus
2199 4790 2516 4852 aremoricis»,
2573 4792 2632 4839 ut
2669 4806 2820 4849 vace,
2879 4788 3065 4858 ‹Nym-‹-
3113 4792 3196 4854 (εἰ.
3231 4808 3262 4840 α
3295 4804 3345 4839 ve
3368 4794 3480 4853 μετ’»

621 4862 676 4912 Ρ.
718 4864 834 4921 233,
860 4865 929 4921 4),
964 4857 1277 4926 frequentior
1312 4858 1365 4909 in
1403 4860 1740 4925 transumptis
1774 4859 2055 4925 gallicaniS‚
2093 4868 2154 4909 ut
2188 4859 2246 4911 iu
2283 4860 2363 4911 his
2401 4860 2562 4910 tribus
2599 4858 2734 4925 (gall.
2773 4858 2907 4921 dee).
2966 4860 3222 4927 pat-iente!
3253 4853 3478 4910 uidendum

624 4930 825 4981 videtur
859 4929 1023 4979 subst.
1062 4942 1222 4993 supra
1259 4931 1329 4992 (p.
1358 4930 1479 4990 543)
1512 4928 1824 4979 enumeratis
1860 4927 1915 4977 in
1951 4922 2062 4978 -ιέε,
3437 4986 3444 4993 ·

764 4996 960 5064 Dieyuy
1006 5000 1113 5062 (pp.
1142 5001 1255 5045 διὸ.
1295 4998 1431 5055 894).
1500 5012 1571 5046 cm
1606 4996 1679 5047 cll
1721 5010 1778 5046 ez
1812 5012 1889 5047 em
1924 4996 2084 5046 eollez
2130 4999 2347 5056 (omnem
2391 4998 2440 5046 te
2477 4996 2674 5062 perdis,
2724 5010 2772 5061 p.
2813 4998 2947 5054 90¹³).
3019 4994 3196 5046 estlam
3241 4990 3477 5057 (adluis-³¹1&

626 5066 777 5117 hodie
812 5066 1035 5131 quoque)
1070 5063 1436 5129 compositione
1471 5066 1805 5116 coniunctum
1844 5063 2048 5114 videtur
2081 5079 2198 5115 eum
2237 5066 2366 5115 lem
2404 5070 2674 5115 comanam
2708 5063 3110 5125 (convenientia,
3143 5064 3353 5131 pactum)
3375 5055 3478 5107 cath.

626 5134 823 5185 meeber
858 5136 965 5199 (pp.
1008 5136 1121 5183 1ῒο.
1160 5136 1279 5193 554)
1366 5148 1427 5181 ne
1455 5134 1623 5199 yaller
1657 5132 1972 5185 constructio
2007 5133 2215 5198 passiva
2251 5138 2322 5199 (p.
2361 5138 2479 5194 539)
