3717 5642
1007 398 1121 465 IV.
1167 402 1227 465 2.
1298 414 1876 465 Pmsrosffiouns
1921 412 2398 461 nnmnmoffl.
2661 397 2799 460 (622
2825 398 2946 460 623)
3013 398 3138 461 667

250 609 279 651 o
314 587 529 650 olor-iou
569 586 685 670 (gl.
718 584 989 665 tabellis,
1037 584 1291 671 sparsa)
1324 585 1443 647 38⁸.
1501 606 1535 649 o
1574 584 1926 671 yuiannuin
1968 582 2084 668 (gl.
2117 603 2284 659 vere,
2324 582 2502 665 prius
2531 583 2823 647 volucres
2853 581 3138 665 taceant)

250 691 354 754 40⁸.
403 712 437 753 ο
473 689 597 751 olin
640 686 756 771 (gl.
794 695 951 767 rota,
998 697 1165 750 meta
1201 687 1494 771 terenda)
1535 686 1656 750 37⁶.
1714 688 1870 749 ocrit
1911 684 2026 768 (gl.
2067 684 2312 763 timore,
2358 682 2478 767 leg.
2524 684 2842 768 tremore),
2897 706 2932 747 0
2957 685 3138 767 ylan-

250 792 501 855 etlinnim
543 788 657 873 (gl.
702 786 939 852 famine
982 788 1257 873 sancto),
1302 810 1337 853 o
1360 788 1570 875 quiled
1611 786 1726 872 (gl.
1771 786 2069 874 pudore),
2117 806 2150 847 ο
2192 785 2302 847 isel
2343 784 2458 869 (gl.
2507 807 2588 849 ex
2631 784 2883 869 humili)
2929 784 3046 852 Cb.
3079 788 3139 848 5.

248 914 277 955 o
308 915 419 977 pen
460 891 671 969 claud,
713 911 749 953 ο
788 892 907 967 rit,
950 911 985 953 ο
1029 910 1181 975 aper
1225 900 1343 955 etc.
1390 892 1501 973 (ab
1544 890 1727 955 initio
1772 888 2012 967 fossae,
2061 911 2102 951 a
2142 886 2338 969 vad0‚
2393 909 2432 951 a
2475 887 2772 952 confluxu
2813 908 3016 973 usque
3062 888 3142 953 ad

251 993 365 1077 ..)
404 993 487 1077 fq.
528 990 601 1056 in
646 990 945 1077 descript.
989 992 1099 1055 fin.
1142 991 1217 1056 L.
1248 990 1449 1056 Land.
1537 990 1851 1076 Exempla
1895 1013 1930 1055 e
1971 988 2176 1055 Mau:
2235 1010 2270 1051 ο
2307 989 2588 1073 qordwal
2632 988 2792 1053 brith
2830 1038 2843 1053 .
2872 1038 2885 1053 .
2921 1037 2934 1052 .
2966 1011 3000 1052 ο
3043 1010 3142 1051 αε-

244 1118 399 1181 ywrn
444 1093 673 1157 mov-nil
711 1142 725 1157 .
754 1140 770 1156 .
796 1141 811 1156 .
854 1114 887 1155 ο
930 1114 1042 1156 eur
1102 1091 1169 1176 (e
1214 1092 1387 1158 corio
1442 1094 1799 1179 variegato,
1865 1115 1946 1159 ex
1989 1114 2137 1157 osse
2183 1090 2408 1155 beluae
2461 1089 2780 1170 marinae,
2841 1113 2921 1157 ex
2964 1110 3136 1169 auro,

250 1196 551 1261 confectae
580 1193 717 1279 res)
766 1197 820 1275 1,
853 1195 913 1259 3.
966 1218 1043 1259 ar
1086 1196 1215 1281 dyd
1254 1196 1447 1259 hwnw
1492 1218 1567 1259 ar
1596 1216 1705 1259 noe
1732 1196 1930 1259 bonno
1959 1192 2371 1259 atreulassant
2412 1192 2584 1276 drwy
2614 1192 2925 1277 doqyncler
2968 1212 3140 1276 ogler-

250 1300 371 1361 deu.
422 1318 493 1362 ac
548 1296 831 1380 amylder
872 1318 907 1360 ο
950 1319 1261 1383 anreqyon
1312 1299 1598 1361 wirodeu.
1656 1296 1964 1381 alluoesyd
2013 1315 2048 1359 o
2100 1285 2344 1377 waryeu
2400 1292 2497 1376 (et
2551 1291 2716 1377 diem
2771 1300 2836 1357 et
2886 1302 3140 1357 noctem

246 1400 401 1463 illam
438 1408 881 1483 transegerunt
920 1421 1040 1485 per
1080 1399 1529 1465 abundantiam
1573 1407 1873 1464 cantuum
1919 1406 1982 1461 et
2021 1396 2394 1460 varietatem
2423 1392 2774 1459 oblatarum
2817 1394 3143 1480 potionum

250 1512 305 1566 et
341 1499 803 1565 multitudinem
844 1499 1199 1584 ludorum),
1256 1502 1429 1585 drwy
1472 1499 1860 1581 diwallrwyd
1901 1519 1936 1561 o
1981 1496 2088 1561 bob
2129 1497 2272 1581 pech.
2328 1495 2472 1580 (per
2514 1494 2972 1581 plenitudinem
3014 1517 3147 1559 om-

248 1604 342 1669 nis
378 1604 502 1688 rei)
549 1605 609 1683 2,
644 1602 745 1666 27.
777 1602 877 1667 29.
928 1606 1067 1687 peir
1102 1626 1190 1687 yn
1236 1604 1419 1667 Hau-n
1463 1624 1496 1667 o
1538 1602 1695 1665 ewllt
1736 1600 2004 1665 iwerdon
2049 1597 2257 1681 (lebes
2299 1597 2568 1663 refertus
2611 1596 2885 1682 pecunia
2911 1596 3146 1661 Hiber-

248 1706 424 1788 niae),
469 1702 582 1769 oed
624 1705 869 1789 diqawn
912 1705 1118 1769 odrwc
1160 1705 1329 1789 (erat
1370 1704 1529 1769 satis
1571 1702 1753 1787 mali)
1799 1704 1857 1783 2,
1891 1703 2032 1766 240.
2065 1701 2206 1765 242.

402 1804 804 1891 Praepositio
849 1806 1189 1871 coniuncta
1231 1806 1531 1871 articulo.
1578 1828 1611 1868 o
1654 1806 1876 1869 caitoir
1917 1804 2034 1866 Ιιασ
2076 1824 2146 1866 ω·
2187 1802 2520 1865 ackmonou
2563 1799 2680 1885 (gl.
2725 1800 2894 1887 pube
2936 1798 3147 1883 ingui-

246 1907 847 2005 nibusque‚p1emit
886 1907 1147 1972 rabidos
1191 1905 1417 1989 canes)
1462 1908 1544 1991 gl.
1577 1905 1699 1972 Ox.
1731 1906 1853 1971 41.
1919 1926 1991 1969 ον
2031 1902 2287 1967 dometio
2332 1900 2446 1985 (gl.
2495 1900 2766 1984 domito,
2821 1900 2992 1987 quod
3037 1901 3146 1966 de·

243 2010 347 2075 fuit
386 2009 552 2093 orbi)
604 2010 729 2075 39⁸.
802 2030 875 2072 οι·
910 2030 1073 2093 qam
1117 2008 1232 2093 (gl.
1276 2009 1520 2088 medio,
1566 2007 1791 2073 instita
1828 2006 2000 2091 tegis
2043 2004 2272 2090 pedes)
2317 2005 2440 2069 37.
2505 2024 2576 2067 01·
2619 2003 2750 2067 cled
2789 2000 2982 2087 hinffl
3031 2002 3144 2087 (gl.

248 2113 435 2178 limite
472 2111 731 2192 laevo),
778 2110 1040 2175 ordmai
1081 2107 1196 2195 (gl.
1244 2109 1321 2175 de
1364 2109 1682 2194 tribulis),
1737 2130 1809 2171 or
1845 2106 2174 2193 quitltlaun
2217 2106 2308 2171 tal
2351 2105 2464 2191 (gl.
2505 2106 2712 2171 fronte
2757 2103 2982 2187 duelli)
3027 2102 3147 2169 Ob·

244 2215 332 2279 26.
362 2216 460 2279 27.
491 2217 593 2278 51.
652 2234 725 2277 m·
748 2212 934 2294 jord,
980 2232 1051 2275 or
1092 2232 1307 2291 omnen,
1352 2232 1424 2274 or
1467 2210 1711 2275 meallen
1758 2218 1876 2273 etc.
1924 2209 1994 2292 (a
2033 2209 2170 2288 via,
2215 2230 2254 2272 a
2291 2206 2571 2288 fraxino,
2617 2230 2658 2271 a
2699 2204 2893 2289 malo)
2937 2205 3024 2289 fq.
3080 2204 3148 2267 in

240 2316 451 2381 finium
498 2312 1037 2400 descriptionibus
1068 2310 1145 2376 L.
1175 2311 1377 2377 Land.
1426 2333 1587 2396 parc
1630 2312 1834 2393 teccaf
1866 2331 1938 2374 or
1967 2309 2088 2394 ὁρᾶ
2130 2309 2382 2394 (hortus
2408 2308 2870 2395 pulcherrimus
2899 2306 3147 2387 mundi)

243 2416 402 2483 Mab.
449 2420 502 2498 1,
548 2418 651 2481 27.
722 2416 923 2501 φθαίη
972 2436 1059 2500 yn
1101 2412 1289 2477 llawn
1341 2433 1413 2477 or
1454 2412 1663 2497 deJyr
1717 2412 1988 2497 (vagina
2027 2411 2220 2497 plena
2273 2410 2506 2496 aquae)
2563 2412 2620 2491 2,
2667 2412 2808 2475 246.
2903 2407 3147 2473 Eadem

242 2518 441 2585 iuncta
488 2540 635 2583 cum
676 2516 1161 2603 pronominibus
1204 2514 1625 2600 possessivis:
1670 2516 1743 2577 ni
1782 2513 2070 2577 deutlmm
2112 2515 2141 2575 i
2174 2534 2322 2597 yma
2365 2534 2462 2575 om
2501 2512 2692 2597 μυῖαι
2729 2533 2808 2595 φ·
2847 2508 3150 2595 ywreiclca

224 2621 391 2705 ·(non
433 2619 583 2685 veni
627 2641 747 2705 ego
789 2618 913 2683 huc
958 2640 995 2683 e
1036 2616 1297 2701 regione
1340 2637 1483 2681 mea
1526 2616 1607 2680 ad
1654 2615 2008 2681 ducendam
2049 2614 2340 2699 uxorem)
2386 2614 2558 2679 Mab.
2609 2616 2666 2695 1,
2699 2614 2840 2678 272.
2909 2610 3145 2675 meibon

240 2747 275 2785 a
310 2723 489 2807 yafas
530 2720 881 2784 omhcmuod
903 2769 917 2784 .
946 2769 963 2784 .
986 2766 1002 2782 .
1032 2718 1249 2785 ombod
1291 2717 1555 2802 (pueros
1600 2717 1872 2803 sumpsit
1911 2738 2042 2782 non
2086 2739 2122 2781 e
2164 2717 2492 2781 voluntate
2533 2736 2696 2797 mea,
2745 2736 2780 2779 e
2823 2713 3146 2779 voluntate

242 2823 419 2907 mea),
464 2822 649 2887 dewis
690 2824 762 2885 di
801 2844 873 2885 ae
914 2822 1013 2886 oth
1054 2822 1175 2886 vod
1214 2840 1289 2884 ae
1330 2820 1431 2883 oth
1460 2820 1664 2883 anvod
1705 2818 1904 2905 (elige
1943 2830 2014 2882 tu
2057 2826 2166 2883 aut
2207 2840 2244 2882 e
2272 2819 2598 2883 voluntate
2637 2826 2752 2882 tua
2793 2825 2902 2882 aut
2932 2824 3152 2880 contra

244 2922 647 3007 voluntatem)
699 2926 752 3003 1,
786 2924 885 2987 34.
918 2923 1061 2986 242.
1129 2922 1425 3006 adywedy
1466 2920 1539 2985 di
1572 2922 1707 3006 ymi
1746 2921 1876 2983 dim
1919 2919 2018 2983 oth
2061 2940 2334 3004 neyesseu
2388 2919 2684 3004 (dicesne
2725 2926 2797 2983 tu
2839 2916 2994 2981 mihi
3037 2913 3153 2979 ali-

246 3026 387 3112 quid
430 3026 509 3091 de
552 3024 831 3110 negotiis
872 3022 1001 3089 tius
1014 3022 1074 3107 Ρ)
1122 3024 1179 3103 3,
1211 3024 1313 3087 20.

396 3128 571 3193 Ante
614 3125 991 3211 pronomina
1032 3124 1330 3191 inchoata
1355 3123 1684 3189 vocalibus
1728 3122 1831 3189 vel
1877 3122 2100 3187 eadem
2141 3122 2344 3187 forma
2367 3122 2718 3187 invenitur.
2765 3144 2852 3187 na
2881 3121 2998 3183 duc
3025 3119 3088 3181 d
3067 3140 3154 3202 jn

242 3230 383 3293 eneit
436 3252 513 3314 vy
566 3228 849 3313 arqlwyd
898 3229 927 3291 i
976 3249 1042 3292 oe
1078 3248 1193 3312 901
1175 3226 1245 3311 ff
1282 3247 1515 3310 namyn
1562 3248 1606 3309 y
1645 3246 1781 3310 ρων
1830 3223 2016 3287 hwnn
2071 3221 2274 3309 (quod
2329 3245 2516 3289 nemo
2573 3223 2837 3289 abstulit
2875 3221 3152 3286 animam
3234 3236 3246 3247 ·

242 3331 352 3395 mei
394 3328 641 3396 domini
686 3350 768 3393 ex
809 3349 1074 3416 corpore
1120 3328 1257 3393 eius
1301 3326 1429 3392 nisi
1473 3324 1579 3392 hic
1620 3325 1748 3409 vir)
1789 3324 1964 3391 Mab.
2001 3328 2056 3407 1,
2089 3326 2188 3390 20.
2247 3348 2332 3411 ny
2375 3327 2576 3389 wdam
2618 3327 2691 3391 m'
2730 3326 2860 3389 dim
2902 3344 2969 3387 oe
3008 3322 3156 3385 hen-

244 3432 580 3513 ryuedodeu
623 3431 693 3493 1η·
744 3430 1095 3513 (nescimus
1146 3452 1267 3495 nos
1312 3428 1653 3515 quidquam
1708 3429 1789 3493 de
1830 3426 2153 3492 miraculis
2205 3426 2378 3491 illius
2398 3477 2413 3508 ,
2462 3427 2686 3511 castri)
2743 3429 2798 3508 1,
2841 3426 2996 3504 2923
3052 3421 3156 3488 vel

244 3532 479 3615 plenior
522 3554 623 3597 oc:
686 3532 817 3596 dim
858 3553 931 3594 oc
968 3532 1139 3595 awch
1182 3532 1267 3597 da
1308 3553 1421 3615 atys
1461 3534 1739 3617 mynnaf
1780 3531 1943 3614 (rem
1989 3530 2066 3594 de
2112 3540 2325 3595 vestro
2368 3530 2536 3594 bono
2579 3529 2761 3613 nolo)
2811 3531 2865 3610 1,
2907 3527 3051 3590 272.
3114 3548 3154 3587 a

244 3634 551 3717 dtfflannu
592 3654 785 3699 aoruc
826 3636 1015 3697 owein
1068 3654 1138 3697 oc
1177 3656 1249 3697 eu
1291 3633 1449 3719 plith
1494 3633 1591 3717 (et
1634 3633 1945 3719 disparuit
1989 3629 2067 3696 O.
2129 3652 2210 3696 ex
2255 3654 2468 3696 eorum
2511 3628 2752 3713 medio)
2816 3633 2867 3710 1,
2919 3630 3015 3693 15.
3081 3647 3156 3689 eu

242 3734 551 3821 karqlwyd
605 3760 647 3799 a
686 3734 1038 3820 yollyeeynt.
1092 3760 1135 3800 α
1178 3736 1387 3800 llawer
1428 3756 1497 3799 oc
1550 3757 1622 3797 eu
1662 3752 2024 3820 yorequyr
2068 3731 2164 3816 (et
2206 3732 2527 3797 dominum
2586 3755 2768 3797 suum
2809 3730 3158 3797 amiserunt

246 3846 303 3901 et
340 3838 574 3904 multos
620 3861 703 3903 ex
746 3836 1005 3923 optimis
1050 3838 1185 3902 suis
1230 3835 1419 3920 viris)
1464 3840 1520 3918 3,
1558 3838 1695 3902 196.

394 3940 795 4005 Pronomina
834 3939 1199 4025 personalia
1242 3939 1619 4025 suffiguntur
1667 3938 1904 4004 formae
1949 3945 2172 4001 auctae
2217 3932 2472 3999 OHON
2527 3934 2626 4018 (in
2669 3934 2852 4001 libris
2896 3932 3155 4019 saepius

246 4054 569 4128 separatae
612 4064 649 4104 o
691 4042 845 4121 hon,
889 4062 1017 4106 non
1061 4039 1276 4125 bene).
1370 4039 1549 4127 Sing.
1610 4044 1663 4105 1.
1708 4062 1910 4125 pers.:
1975 4039 2208 4122 meneqi
2247 4036 2492 4117 okanafi
2543 4040 2664 4121 ytti
2703 4038 2786 4121 dy
2828 4036 2991 4119 afles.
3053 4054 3156 4096 am

249 4148 444 4228 ueneyi
480 4143 728 4224 oltonafi
764 4146 888 4229 ytti
925 4144 1007 4227 dy
1040 4142 1119 4205 les
1162 4142 1323 4226 (dici
1368 4164 1409 4207 a
1432 4165 1532 4207 me
1576 4141 1695 4207 tibi
1727 4141 2169 4205 detrimentum
2196 4149 2392 4219 tuum,
2437 4150 2702 4225 propter
2742 4144 3154 4202 monstratum

250 4266 282 4306 a
318 4268 411 4309 me
454 4244 579 4310 tibi
630 4244 1025 4309 commodum
1066 4243 1275 4327 tuum)
1326 4242 1501 4309 Mab.
1556 4245 1607 4323 1,
1642 4244 1698 4309 6.
1738 4246 1832 4308 19.
1935 4244 1992 4305 2.
2037 4262 2238 4326 pers.:
2297 4260 2398 4303 am
2452 4242 2560 4304 lad
2602 4241 2826 4305 ohonat
2879 4237 3065 4299 titkeu
3115 4258 3158 4319 51]

246 4368 361 4427 ym-
394 4348 633 4431 priate-t
676 4346 745 4409 hi
764 4394 781 4407 .
808 4394 823 4409 .
852 4395 861 4405 .
889 4358 1091 4429 myrtet
1130 4345 1353 4409 okonat
1390 4368 1434 4430 y
1478 4346 1567 4429 lys
1610 4344 1832 4408 arthur
1875 4344 1986 4428 (ob
2033 4342 2312 4409 occisum
2359 4364 2398 4406 a
2437 4351 2504 4405 te
2547 4341 2754 4427 ipsius
2784 4338 3154 4414 maritum‚..

252 4449 411 4533 pergi
455 4472 497 4513 a
538 4458 607 4513 te
652 4446 735 4511 ad
781 4446 987 4511 aulam
1026 4446 1143 4530 A.)
1200 4445 1376 4513 Mab.
1428 4444 1665 4526 1,“249.
1764 4447 1821 4509 3.
1869 4468 2035 4530 pers.
2080 4466 2312 4509 masos
2389 4442 2664 4507 adnabot
2705 4461 2934 4505 aoruc.
2965 4490 2976 4503 .
3005 4490 3018 4502 .
3049 4461 3158 4523 ⁴121]-

244 4550 407 4631 qaffel
446 4551 744 4635 dyrnawt
782 4548 1143 4633 anqhenawl
1182 4548 1433 4611 ollonaw
1490 4547 1990 4632 (animadvertit,
2046 4569 2116 4611 se
2162 4544 2492 4630 accepisse
2551 4543 2808 4630 plagam
2850 4541 3158 4607 letiferam

250 4652 315 4714 ab
358 4674 453 4730 eo,
496 4650 782 4734 Oweno)
810 4648 985 4716 Mab.
1024 4652 1077 4730 1,
1116 4650 1208 4714 13.
1294 4650 1349 4715 F
1352 4675 1505 4716 em.:
1552 4650 1745 4735 clybot
1788 4650 2003 4711 olzonei
2040 4647 2246 4710 ln'tlaeu
2287 4656 2528 4708 eum-teet
2569 4645 2703 4729 hwy
2728 4645 3018 4729 yndyuot.
3063 4666 3159 4705 ore·

252 4754 339 4815 dec
378 4754 597 4817 okonei
631 4774 724 4836 yn
767 4772 841 4814 eu
872 4750 1097 4837 herbyn
1139 4772 1174 4814 o
1218 4752 1485 4837 lewmzyd
1526 4752 1761 4836 (audiri
1804 4750 1881 4815 ab
1927 4749 2088 4833 ipsa,
2132 4747 2417 4827 muliere,
2458 4745 2704 4811 illorum
2749 4764 3008 4830 gressus
3051 4768 3160 4811 ve-

254 4854 575 4936 nientium,
633 4854 801 4919 curri
846 4854 926 4920 ab
974 4877 1050 4919 ea
1092 4853 1345 4929 obviam
1401 4854 1483 4918 iis
1526 4862 1787 4939 propter
1842 4850 2176 4933 laetitiam)
2237 4848 2410 4913 Mab.
2459 4850 2516 4927 2,
2560 4848 2700 4910 216.
2745 4848 2885 4911 217.
2985 4845 3158 4911 Plur.

259 4958 299 5019 l.
338 4978 479 5043 pers
517 4981 532 5020 τ
610 4976 742 5039 yna
781 4955 999 5041 ymlad
1054 4976 1329 5019 awnaem
1368 4957 1599 5019 ninneu
1649 4976 1691 5037 y
1740 4974 1930 5015 maen.
1996 4974 2073 5013 ar
2127 4950 2240 5015 neb
2295 4952 2438 5013 anei
2494 4948 2762 5031 drachaf
2809 4949 3069 5012 ohonam
3121 4970 3161 5009 a

252 5060 417 5141 yaffei
450 5082 495 5144 y
536 5079 729 5121 maen
773 5055 955 5140 (tunc
985 5078 1339 5143 pugnemus
1380 5078 1503 5122 nos
1549 5057 1629 5121 de
1656 5054 1889 5139 lapide,
1937 5063 1999 5117 et
2043 5052 2152 5138 qui
2197 5053 2284 5117 sit
2309 5050 2692 5116 fortissimus
2736 5070 2773 5113 e
2801 5048 3010 5129 nobis,
3057 5070 3162 5112 ca-

254 5160 367 5244 piat
402 5158 722 5249 lapidem)
764 5156 939 5224 Mab.
978 5162 1037 5241 1,
1071 5159 1212 5224 277.
1314 5160 1373 5221 2.
1419 5180 1621 5247 pers:
1677 5180 1763 5219 un
1805 5154 2134 5218 okonawcle.
2177 5154 2334 5218 chwi
2373 5176 2475 5216 am
2517 5152 2758 5237 kymero
2799 5150 2829 5213 i
2881 5150 3078 5234 (unus
3125 5170 3160 5213 e
