3717 5642
643 416 722 498 V.
773 433 828 495 1.
899 435 1266 494 nnutv‘nto
1311 433 1597 492 caumes
1643 436 1732 490 s‘r
1775 436 2140 492 mammea
2188 439 2517 492 mutium.
2582 422 2721 491 (758·
2746 427 2867 492 759)
2946 427 3067 492 797

171 617 298 701 vas)
350 614 568 684 Sidon.
627 614 911 702 Apollin.
994 612 1305 694 Brivatis,
1371 611 1769 678 Brivatensis
1825 611 2005 678 vicus
2088 611 2277 699 (gall.
2338 611 2509 676 briva
2526 663 2543 694 ,
2600 612 2813 698 pons)
2870 612 3066 699 G-reg.

171 717 299 783 Tur.
339 717 426 805 fq.
512 716 946 784 Praecedente
985 716 1038 780 i:
1103 714 1439 781 Ambiliati
1482 713 1672 780 Caes.
1751 714 2137 780 Ariomanus
2190 713 2359 779 Iliati
2402 714 2490 780 fil.
2547 713 2808 798 (Boius)
2863 715 3068 781 Inser.

171 819 334 886 Grut.
365 821 511 890 670,
542 822 602 885 3.
653 818 962 885 Metiatus
996 819 1189 883 Inser.
1237 813 1434 882 Orell.
1468 817 1611 881 347.
1663 813 1990 901 Magiatus
2022 815 2219 882 Orell.
2260 816 2437 879 1987.
2502 815 2759 882 Stiriate
2790 815 3069 899 (Noric.)

171 922 306 987 Tab.
352 921 426 986 P.
473 922 656 988 vicus
699 919 1092 986 Ratiatensis
1137 917 1329 1004 Greg.
1380 915 1530 982 Tur.
1576 917 1654 982 de
1697 915 1848 1002 glor.
1896 918 2059 982 conf.
2108 940 2161 982 c.
2196 921 2297 982 54.
2340 929 2563 1004 portus
2605 916 2899 984 Retiatus
2927 917 3069 982 Ma·

169 1023 283 1088 bill.
331 1045 496 1089 saec.
543 1025 604 1088 4.
641 1026 696 1101 1,
729 1023 870 1087 549.
917 1021 1072 1087 villa
1111 1017 1546 1104 Bulgiatensis
1590 1016 1787 1104 Greg.
1832 1017 1981 1084 Tur.
2012 1021 2073 1101 3,
2110 1022 2205 1084 16.
2293 1019 2728 1085 Praecedente
2772 1043 2843 1083 u:
2894 1019 3069 1084 Nan-

173 1137 360 1190 tuates
390 1122 605 1200 Caes.,
651 1124 721 1187 in
763 1123 1160 1188 derivatione
1187 1119 1552 1206 multiplici:
1600 1117 1953 1188 Grutruatus
1979 1119 2167 1188 Caes.
2241 1119 2493 1186 ATIA:
2538 1119 2847 1186 Duratius
2879 1117 3067 1186 Caes.

169 1225 498 1306 Volcatius,
543 1223 878 1290 Vulcatius
921 1222 1185 1307 (nomen
1215 1222 1338 1286 viri
1363 1219 1694 1305 frequens)
1739 1231 1873 1286 tam
1903 1245 2002 1308 ap.
2036 1222 2216 1288 Caes.
2282 1244 2468 1309 quam
2510 1243 2613 1306 ap.
2643 1221 2961 1286 Ammian.
3008 1233 3071 1288 et

169 1328 492 1414 scriptores
523 1325 676 1390 hist.
706 1325 876 1410 Aug.
951 1303 1284 1399 Βςιναῗιιιά
1326 1320 1574 1407 (oppid.
1601 1320 1792 1408 Brit.)
1834 1322 2003 1390 Ptol.
2066 1325 2355 1389 Manatia
2382 1320 2589 1406 (fem.)
2631 1319 2823 1388 Inser.
2869 1321 3069 1389 Stein-

171 1431 295 1493 201.
361 1427 628 1496 Sedatia
671 1425 874 1493 Stein.
927 1427 1076 1490 244.
1177 1424 1458 1490 Nomina
1497 1423 1776 1488 virorum
1833 1447 1913 1489 ex
1956 1425 2281 1510 Inscriptt.
2328 1446 2427 1509 ap.
2476 1421 2706 1488 Stein.:
2768 1421 3067 1491 Sedatius

169 1529 294 1593 334.
359 1527 658 1595 Veratius
716 1531 819 1595 50.
863 1529 1005 1592 650.
1077 1523 1388 1592 Conatius
1433 1526 1492 1589 6.
1564 1523 1863 1591 Caratius
1914 1529 2060 1606 1463
2130 1549 2166 1592 e
2216 1525 2707 1592 recentioribus:
2762 1525 3069 1589 Arvatius

167 1631 374 1717 (episc.
421 1629 695 1717 Tungr.)
751 1627 1018 1713 Fredeg.
1078 1648 1132 1692 c.
1168 1629 1223 1690 l.
1298 1625 1667 1707 Namatius,
1725 1627 2117 1693 Nammatius
2164 1625 2379 1692 Sidon.
2436 1627 2621 1714 epist.
2670 1627 2729 1706 8,
2768 1628 2824 1690 6.
2872 1624 3067 1711 Greg.

171 1730 300 1796 Tur.
343 1734 401 1812 2,
438 1734 536 1797 16.
626 1730 906 1798 Nomina
945 1727 1228 1793 locorum
1272 1727 1544 1813 amplius
1589 1737 1805 1792 aucta:
1864 1727 2231 1810 Colatione,
2277 1726 2649 1795 Stabatione
2694 1727 2851 1814 (alp.
2898 1725 3069 1793 Cott.

170 1845 224 1898 et
261 1832 502 1918 Noric.)
547 1833 704 1899 Tab.
749 1830 825 1896 P.
902 1826 1240 1894 Tutatione
1274 1828 1366 1913 (N
1368 1827 1555 1913 orie.)
1599 1828 1748 1893 Itin.
1781 1831 1863 1894 A.
1930 1831 2259 1911 Aranatio,
2302 1829 2675 1896 Bureinatio
2721 1828 2836 1912 (ad
2864 1827 3069 1894 Rhen.

169 1933 360 2018 infer.)
406 1932 548 1998 ltin.
595 1935 750 2000 Ant.
840 1930 1272 1998 Praecedente
1313 1931 1363 1996 i:
1424 1928 1801 1996 Teffli‘iatius
1848 1931 2049 2000 Stein.
2091 1932 2269 1998 1849.
2356 1929 2539 1996 ATU
2597 1931 2664 1994 in
2708 1929 3071 1996 nominibus

167 2033 598 2116 Bellatumara,
655 2033 1116 2101 Belatucardus
1134 2079 1152 2112 ‚
1196 2031 1658 2098 Belatucadrus
1703 2031 1944 2116 (Mars3
2001 2033 2077 2100 ef.
2138 2033 2260 2098 adi.
2308 2032 2537 2099 cambr.
2582 2041 2707 2097 vet.
2753 2034 2939 2112 cadr,
2986 2032 3071 2117 gl.

169 2135 434 2218 decorus,
481 2136 566 2223 gl.
609 2137 826 2220 be.)‚
869 2133 1203 2214 Belatulla,
1247 2133 1618 2214 Belatullus,
1665 2131 2046 2201 Bellatullus
2088 2134 2290 2200 Inser.
2320 2135 2406 2222 fq.
2465 2133 2843 2201 Abrincatui
2890 2133 3071 2220 (pop.

169 2236 349 2318 Gall.;
395 2239 452 2305 si
498 2248 600 2304 est
640 2239 1014 2317 derivatum,
1059 2258 1186 2300 non
1231 2234 1670 2321 compositum,
1717 2245 1782 2299 et
1823 2238 2314 2324 comparandum
2358 2237 2557 2304 subst.
2604 2257 2775 2302 corn.
2821 2233 3071 2299 hebreu-

166 2340 302 2422 ciat,
346 2341 470 2406 dux
490 2392 508 2422 ‚
571 2339 958 2404 hebrenchiat
991 2338 1161 2425 plui,
1221 2337 1305 2422 gl.
1351 2339 1718 2424 presbyter,
1773 2337 1814 2401 i.
1849 2360 1905 2404 e.
1948 2339 2076 2404 dux
2118 2340 2358 2427 plebis,
2412 2338 2761 2426 parochus,
2818 2349 2883 2402 et
2924 2337 3070 2404 hod.

169 2443 381 2506 cambr.
434 2442 748 2528 hebrwnq,
807 2441 1069 2521 ducere,
1127 2439 1443 2523 comitari)
1499 2439 1664 2505 Plin.
1762 2439 2201 2507 Praecedente
2254 2442 2307 2506 i:
2363 2441 2814 2506 Adiatumarus
2868 2437 3071 2504 Inscr-

172 2541 352 2608 Stein.
409 2546 590 2610 1969.
664 2543 1074 2609 Adiatunnus
1120 2541 1310 2608 Caes.
1383 2541 1750 2608 Adiatullus
1809 2539 2077 2626 (Gluck.
2122 2565 2185 2628 p.
2234 2543 2323 2629 2).
2420 2541 2856 2608 Praecedente
2912 2565 2955 2604 u
3004 2542 3073 2605 in

171 2643 542 2711 derivatione
587 2653 790 2712 aucta.
879 2644 1200 2711 Aduatuci
1245 2643 1432 2710 Caes.
1499 2640 1676 2708 ET-:
1723 2643 2123 2710 Ambivareti
2154 2644 2342 2712 Caes.
2388 2643 2643 2710 nomine
2673 2641 3073 2708 Vernemetis

169 2745 248 2828 (=
287 2747 502 2812 fanum
543 2747 806 2834 ingens3
853 2748 932 2812 ef.
981 2769 1044 2832 p.
1083 2747 1192 2831 10)
1238 2745 1508 2811 Venant.
1551 2743 1814 2810 Fortun.
1860 2743 2177 2834 Drappes,
2222 2770 2365 2833 gen.
2410 2744 2775 2832 Drappetis,
2820 2741 3072 2824 Veneti,

167 2847 658 2930 Nemetocenna,
705 2847 1078 2934 Orgetorix,
1127 2845 1532 2933 Cingetorix,
1578 2844 2097 2932 Vercingetorix,
2148 2847 2837 2914 Conconnetodumnus
2882 2843 3071 2912 Caes.

167 2948 442 3016 fluviolus
461 2949 704 3016 Albeta
729 2948 976 3016 Mabill.
1002 2971 1170 3015 saec.
1194 2949 1253 3030 2,
1277 2971 1339 3034 p.
1362 2947 1500 3012 122.
1568 2945 1812 3012 ETIA:
1845 2947 2206 3034 Tasgetius,
2238 2949 2543 3030 Helvetii,
2573 2947 2847 3013 Decetia
2878 2945 3069 3014 Caes.

170 3047 415 3136 Orgetia
441 3053 641 3137 (nom.
671 3050 853 3134 fem.)
881 3049 1082 3116 Inser.
1130 3048 1313 3116 Grut.
1349 3050 1489 3130 345,
1522 3049 1581 3113 8.
1651 3046 1987 3133 Cingetius
2034 3048 2230 3133 (nom.
2260 3051 2413 3135 viri)
2456 3049 2659 3114 Inser.
2702 3047 2900 3116 Stein.
2929 3049 3074 3114 228.

171 3149 496 3218 Leucetius
527 3151 768 3237 (Mars)
801 3150 1002 3219 Stein.
1033 3153 1178 3217 248.
1239 3148 1578 3232 Saletions,
1626 3147 2028 3234 Tinnetione‚
2074 3152 2459 3240 Bregetione
2487 3151 2632 3217 Itin.
2720 3149 2871 3214 IT-:
2918 3147 3075 3215 Gal-

172 3252 326 3334 litae,
367 3253 656 3340 Belgites
705 3251 916 3339 (pop.)
958 3250 1123 3318 Plin.
1170 3252 1230 3332 3,
1262 3251 1364 3315 20.
1399 3252 1500 3316 ⁶25.
1557 3253 1632 3310 A
1639 3241 1946 3332 ι’ῑτάριτος
1993 3254 2375 3338 (Gallorum.
2398 3253 2555 3334 dux3
2614 3252 2694 3316 cf.
2736 3251 3073 3316 Autricum

177 3377 208 3418 e
245 3355 497 3421 nomine
543 3355 722 3421 fluvii
771 3353 1190 3441 supponendo
1231 3354 1494 3433 Autara,
1540 3351 1686 3417 hod.
1731 3351 1937 3439 Eure)
1983 3355 2207 3443 Polyb.
2248 3359 2301 3436 1,
2335 3356 2413 3417 77
2447 3377 2543 3441 sq.
2627 3353 3077 3418 Antecedente

168 3479 230 3519 u:
283 3455 564 3522 Bituitus
621 3457 766 3540 (rex
807 3453 1174 3539 Allobrog.)
1216 3451 1388 3519 Flor.
1432 3457 1490 3532 3,
1531 3455 1589 3517 ⁸2.
1663 3448 1975 3529 Baervttcig
2016 3456 2296 3544 Appian,
2356 3457 2433 3520 de
2486 3455 2617 3522 reb.
2665 3454 2812 3540 gall.
2866 3478 2929 3541 p.
2973 3455 3075 3519 85.

168 3553 373 3622 ITIA:
417 3555 712 3643 Togitius
753 3557 960 3623 Inser.
1006 3555 1206 3623 Stein.
1254 3556 1396 3620 324.
1469 3553 1838 3620 Domnitius
1896 3555 2117 3623 Sidon.
2178 3558 2365 3644 epist.
2408 3561 2467 3638 4,
2500 3561 2572 3639 2,
2630 3556 2699 3621 in
2742 3555 3075 3642 multiplici

170 3657 572 3726 derivatione:
619 3657 1030 3738 GobannitiO,
1074 3654 1439 3722 Divitiacus
1483 3653 1696 3738 Caes.,
1739 3655 2007 3723 Bilition
2037 3658 2231 3745 Greg.
2263 3658 2415 3723 Tur.
2447 3659 2541 3745 (p.
2575 3657 2751 3741 763).
2821 3655 3071 3722 ITUA:

179 3761 452 3828 Ambitui
497 3763 678 3848 (pop.
725 3760 904 3846 gall.)
946 3757 1114 3823 Plin.
1204 3755 1382 3824 OT·:
1428 3755 1781 3843 Lugotorix
1825 3758 2034 3842 Caes.,
2080 3759 2525 3826 Dumnotonus
2568 3757 2782 3842 (fluv.)
2825 3760 3075 3824 Auson-

171 3864 340 3947 epist.
373 3867 430 3929 5.
503 3861 688 3930 UT-:
736 3861 1052 3929 Carnutes
1096 3853 1282 3924 Caes.
1357 3857 1636 3924 Namuta
1675 3859 1968 3926 Minutas
2008 3861 2145 3926 filia
2183 3861 2387 3926 Inser.
2432 3857 2657 3942 (Mem.
2704 3860 2819 3924 des
2848 3860 3075 3944 Antiq.

172 3961 238 4026 de
276 3963 524 4032 France
574 3965 671 4045 16,
710 3964 881 4048 139).
967 3961 1292 4027 Buxutum
1337 3959 1512 4044 (hod.
1545 3960 1793 4047 Bossu)
1834 3964 1983 4029 Act.
2032 3962 2150 4031 SS.
2198 3962 2365 4028 Boll.
2414 3959 2559 4028 Oct.
2607 3963 2667 4042 4,
2704 3961 2887 4024 1032.
2932 3959 3073 4026 Ma·-

171 4063 286 4129 bill.
317 4087 485 4132 saec.
519 4067 578 4146 2,
609 4085 674 4150 p.
699 4066 840 4131 865.
927 4061 1179 4129 UT1A=
1224 4059 1542 4128 Venutius
1575 4061 1984 4150 (Britannus)
2016 4065 2218 4131 Tacit.
2262 4065 2435 4129 Ann.
2490 4063 2585 4142 12,
2625 4062 2721 4142 12,
2752 4061 2857 4126 40.
2900 4059 3075 4127 Hist.

317 4268 380 4354 c)
411 4266 578 4336 Cum
609 4266 940 4334 vocalibus
969 4265 1312 4352 productis.
1385 4255 1566 4337 AT<
1618 4266 1923 4333 Teutates
1955 4267 2319 4352 (Gallorum
2348 4265 2537 4349 deus)
2566 4263 2807 4329 Lucan.
2844 4266 2899 4344 1,
2932 4263 3075 4327 445.

173 4366 414 4434 Nemini
459 4367 696 4436 herbae
739 4368 970 4455 gallico
1013 4365 1561 4452 ταρβηλοδᾶθιον
1603 4391 1705 4456 ap.
1749 4367 2199 4434 Dioscoridem
2240 4389 2436 4454 supra
2481 4366 2575 4451 (p.
2609 4363 2721 4449 77)
2780 4363 3077 4460 supposi-

171 4482 282 4533 tum
324 4479 426 4537 est
463 4461 998 4552 ταρβοταβάτιον
1020 4519 1036 4550 ,
1083 4489 1361 4556 compos.
1410 4495 1446 4538 e
1489 4471 1690 4552 tabat,
1748 4471 1981 4535 cambr.
2026 4467 2171 4535 hod.
2218 4469 2457 4552 tafawd
2510 4465 2811 4551 (lingua).
2908 4463 3074 4545 ET-,

173 4553 292 4654 lT-,
333 4559 484 4640 ΠΤ-
536 4572 607 4636 in
637 4570 1019 4637 enumeratis
1064 4571 1378 4658 exemplis
1421 4572 1740 4658 aliquibus
1784 4579 2085 4656 poterunt
2124 4569 2361 4656 quaeri,
2408 4569 2523 4634 sed
2565 4567 2634 4631 in
2676 4566 3076 4652 quibusnam,

172 4673 285 4736 erui
350 4675 460 4740 vix
511 4671 766 4760 poterit.
875 4671 1070 4760 Apud
1123 4671 1554 4740 Ptolemaeum
1630 4671 1893 4759 scriptio
1947 4693 2059 4754 -ητ
2112 4672 2435 4738 nominum
2491 4668 2915 4735 derivatorum
2931 4717 2948 4748 ,
3008 4674 3079 4730 ut

177 4773 487 4860 Αημῆται,
541 4773 876 4858 Νεμῆται,
922 4784 1224 4862 suspecta
1265 4797 1412 4842 esse
1455 4777 1674 4857 debet,
1731 4797 1877 4840 eum
1924 4775 2075 4860 quia
2131 4773 2299 4860 apud
2352 4779 2603 4838 veteres
2652 4770 2833 4856 ipsos
2887 4767 3076 4834 etiam

177 4893 260 4934 -ετ
299 4875 653 4958 invenitur,
707 4885 778 4940 ut
821 4874 990 4962 apud
1031 4875 1466 4944 Ptolemaeum
1508 4877 1721 4964 ipsum
1763 4877 1839 4936 A
1848 4865 2427 4957 ὖγουστονέμετον,
2487 4871 2653 4960 apud
2704 4870 3077 4939 Strabonem

179 4974 640 5060 Δρυναίμετον,
702 4976 896 5064 apud.
913 4976 1229 5044 Iulianum
1257 4976 1567 5058 ,Νέμετες
1585 5029 1602 5061 ,
1659 4989 1792 5044 tum
1850 4975 2020 5062 quod
2063 4975 2459 5042 britannicae
2499 4975 2753 5060 linguae
2818 4969 3077 5037 dialecti

181 5078 474 5146 cambi-ica
527 5087 593 5146 et
645 5079 996 5145 aremorica
1047 5079 1116 5145 in
1156 5079 1522 5148 nominibus
1582 5077 1819 5159 Nimet,
1877 5075 2123 5160 Nemet,
2180 5077 2390 5141 Dimet
2440 5077 2579 5164 (pp.
2619 5076 2720 5141 85.
2767 5073 2882 5156 87)
2936 5094 3076 5140 cor-

179 5189 394 5264 reptem
453 5204 707 5270 semper
747 5181 1038 5250 vocalem
1080 5179 1404 5248 exhibent.
1501 5181 1648 5248 Non
1693 5181 1879 5248 aliter
1932 5169 2347 5248 iudicandum
2401 5177 2481 5245 de
2532 5177 2679 5243 aliis
2732 5174 3074 5242 eiusmodi:
3142 5195 3159 5221 ⁶
