3717 5642
626 366 785 432 1018
845 366 1017 427 (¹025·
1050 370 1199 429 ¹02⁶)
1302 386 1663 435 APPnumx.
1753 386 2086 433 spucmsn
2129 386 2397 435 comc1s
2441 388 2790 435 mummi
2831 388 3170 437 muscum
3207 388 3306 435 sc.

618 554 757 638 prio
806 554 1062 621 nomine
1107 556 1258 639 poni
1308 565 1373 619 et
1419 562 1626 621 certas
1672 577 1981 641 personas
2025 555 2438 639 significare.¹
2533 556 2712 641 Ergo
2759 556 2906 642 quis
2951 568 3018 623 et
3056 558 3188 641 qui,
3233 564 3299 622 et
3337 556 3532 642 qualis

621 667 685 723 et
728 658 899 739 talis,
948 669 1014 723 et
1058 668 1333 743 quantus
1378 666 1444 723 et
1484 665 1731 738 tantus,
1776 669 1841 723 et
1885 657 2140 741 similia,
2189 680 2350 745 quae
2396 669 2547 725 sunt
2586 658 2864 739 infinita,
2909 658 3049 724 sive
3093 658 3534 741 interrogativa

620 758 725 824 vel
765 760 1034 825 relativa
1091 759 1191 825 vel
1233 759 1617 840 redditiva,²
1680 760 1886 845 magis
1928 761 2190 826 nomina
2239 770 2388 825 sunt
2445 760 2858 848 appellanda,
2915 782 3100 847 quam
3156 760 3532 845 pronomina.

618 861 852 947 Neque
898 862 1065 926 enim
1106 861 1247 927 loco
1294 861 1695 947 propriorum
1734 863 2058 928 nominum
2103 872 2442 948 ponuntur,
2487 887 2700 951 neque
2746 874 2954 930 certas
2997 862 3368 947 significant
3407 884 3534 947 per-

620 984 844 1045 sonas,
892 964 1007 1029 sed
1051 962 1242 1027 etiam
1287 962 1701 1031 substantiam
1720 1014 1735 1044 ,
1782 962 2072 1049 quamvis
2115 962 2458 1046 infinitam,
2505 976 2570 1031 et
2613 966 3051 1052 qualitatem‚⁸
3101 964 3396 1048 quamvis
3437 985 3534 1047 ge-

618 1064 958 1145 neralem,⁴
1028 1064 1195 1149 quod
1253 1073 1353 1131 est
1415 1068 1633 1131 suum-'³
1698 1064 2010 1147 nominis,
2077 1063 2370 1130 habent.⁶
2471 1066 2750 1133 Nomina
2805 1073 2956 1133 sunt
3009 1064 3206 1148 igitur
3257 1064 3530 1143 dicenda,

620 1165 925 1252 quamvis
970 1165 1462 1231 declinationem
1504 1166 1945 1251 pronominum
1985 1165 2264 1231 habeant
2305 1166 2614 1251 quaedam
2657 1192 2740 1235 ex
2783 1168 2936 1234 eis.'¹
3028 1166 3180 1233 Non
3225 1166 3398 1232 enim
3437 1165 3534 1229 de-

620 1267 904 1347 clinatio,
952 1267 1069 1332 sed
1112 1267 1210 1333 vis
1256 1276 1323 1333 et
1352 1266 1774 1352 significatio⁸
1824 1266 2325 1353 uniuscuiusque
2369 1269 2570 1353 partis
2599 1280 2699 1337 est
2737 1267 3256 1353 contemplanda3
3301 1266 3534 1331 indiffe-

622 1372 873 1435 renter-⁹
926 1368 1095 1433 enim
1140 1367 1339 1433 multa
1380 1378 1444 1433 et
1469 1370 1735 1435 nomina
1774 1367 1962 1435 modo
1995 1368 2440 1454 pronominum
2481 1380 2546 1435 et
2573 1371 2951 1457 pronomina
2991 1370 3182 1437 modo
3223 1368 3534 1433 nominum

620 1471 985 1536 invenimus
1031 1469 1366 1535 declinata.
1453 1468 1630 1551 Quid
1684 1471 1853 1537 enim
1897 1469 2177 1550 stultius,
2223 1492 2412 1555 quam
2453 1472 2697 1553 omnia,
2754 1494 2920 1559 quae
2961 1492 3263 1536 numeros
3309 1470 3534 1555 signifi·

622 1580 769 1637 cant
786 1621 805 1651 ,
848 1572 1109 1637 nomina
1151 1570 1362 1637 dicere
1376 1621 1395 1651 ,
1441 1593 1607 1637 unus
1650 1580 1859 1637 autem
1873 1623 1888 1654 ,
1938 1570 2124 1637 unius
2137 1622 2154 1651 ,
2191 1581 2458 1660 propter
2497 1573 2986 1642 declinationem
3042 1594 3398 1661 pronomen
3437 1594 3536 1657 ap·

622 1673 909 1759 pellare?
1003 1670 1198 1753 Quod
1252 1673 1387 1737 si¹⁰
1450 1672 1791 1739 declinatio
1849 1672 2004 1739 facit
2053 1672 2392 1753 indicium,
2459 1674 2668 1759 qualis
2723 1676 2881 1741 sit¹¹
2947 1675 3208 1754 dictio,¹
3229 1677 3254 1709 ²
3319 1672 3538 1737 debent

620 1775 835 1841 omnia
890 1774 1265 1861 possessiva
1312 1776 1721 1860 pronomina,
1769 1775 1920 1862 quia
1961 1766 2282 1841 nominum
2327 1774 2814 1842 declinationem
2857 1786 3191 1856 secuntur,
3251 1786 3320 1840 et
3361 1772 3536 1857 parti-

626 1877 832 1962 cipia¹
854 1880 878 1918 ³
930 1876 997 1940 in
1040 1875 1140 1941 his
1188 1878 1556 1963 computari,
1604 1879 1775 1963 quod
1804 1878 2059 1942 omnino
2103 1885 2278 1941 caret
2304 1877 2565 1942 ratione.
2653 1875 2828 1964 Ergo
2869 1900 3000 1943 non
3030 1878 3394 1957 declinatio,
3437 1876 3538 1941 sed

618 1980 981 2065 proprietas
1028 1989 1129 2043 est
1172 1978 1622 2043 excutienda¹⁴
1675 1978 2216 2065 significationis.¹
2238 1982 2261 2019 ⁵
2327 1978 2416 2043 Et
2457 1979 2756 2064 quoniam
2801 1978 2878 2044 de
2922 1980 3312 2066 proprietate
3355 1979 3540 2043 nomi-

617 2080 720 2145 nis
766 2092 829 2145 et
874 2080 1053 2145 verbi
1110 2092 1177 2145 et
1216 2080 1539 2167 participii
1599 2092 1667 2147 et
1707 2079 2100 2167 pronominis
2143 2081 2420 2146 breviter
2478 2079 2714 2145 dictum
2757 2093 2882 2164 est,
2949 2104 3084 2148 non
3135 2082 3538 2165 incongruum

617 2204 763 2247 esse
809 2184 1084 2249 arbitror
1140 2183 1531 2249 summatim¹
1553 2186 1577 2225 ⁶
1630 2184 1711 2249 de
1755 2191 2108 2249 ceterarum
2161 2204 2416 2269 quoque
2469 2182 2856 2268 proprietate
2911 2183 3192 2268 partium
3243 2180 3541 2248 orationis

619 2308 1007 2370 percurrere.

787 2386 1127 2473 Proprium
1174 2399 1274 2453 est
1314 2387 1627 2465 adverbii,
1686 2408 1831 2452 cum
1874 2386 2068 2452 verbo
2114 2386 2302 2471 poni,
2357 2408 2479 2451 nec
2523 2386 2662 2452 sine
2707 2410 2782 2452 eo
2839 2388 3190 2471 perfectam
3233 2386 3544 2471 significa·
3663 2448 3665 2485 i

618 2489 859 2554 tionem
904 2512 1099 2576 posse
1140 2488 1393 2569 habere,
1442 2489 1715 2565 utbene
1754 2488 1960 2568 facio,
2023 2488 2209 2553 docte
2251 2489 2416 2570 lego.
2503 2486 2652 2553 Hoc
2695 2510 2848 2573 ergo
2889 2490 3060 2555 inter
3100 2488 3534 2555 adverbium¹³

626 2601 690 2656 et
734 2592 1278 2678 praepositionem
1334 2600 1460 2669 est,
1519 2590 1687 2675 quod
1732 2589 2102 2656 adverbium
2157 2598 2222 2655 et
2263 2590 2404 2655 sine
2447 2589 2813 2656 casualibus
2866 2600 3086 2679 potest
3127 2590 3438 2677 praeponi
3491 2600 3546 2653 et

623 2694 925 2778 postponi
967 2694 1183 2760 verbis
1228 2703 1293 2759 et
1336 2714 1481 2758 cum
1525 2690 1918 2773 casualibus,
1965 2700 2035 2757 ut
2075 2714 2244 2779 pone
2287 2691 2516 2771 currit,
2563 2700 2627 2757 et
2672 2693 2870 2757 currit
2910 2715 3112 2780 pone;
3170 2692 3354 2758 venit
3401 2702 3546 2757 tem·

622 2818 775 2881 pore
827 2796 1019 2882 longo
1075 2805 1249 2882 post,
1308 2804 1372 2860 et
1425 2806 1573 2881 post
1613 2794 1806 2879 longo
1852 2802 2136 2880 tempore
2178 2792 2372 2860 venit.
2461 2791 2800 2860 Terentius
2855 2794 2924 2860 in
2965 2793 3318 2882 Adelphis:
3392 2793 3542 2858 Post

621 2896 860 2963 faceret
914 2900 1175 2962 tamen.¹
1274 2894 1349 2962 Si
1390 2895 1586 2981 igitur
1638 2894 1931 2961 invenias
1978 2894 2348 2961 adverbium
2403 2893 2544 2961 sine
2587 2896 2784 2961 verbo
2837 2917 2980 2963 cum
3025 2896 3284 2961 nomine
3303 2946 3323 2975 ,
3379 2896 3538 2961 scias
3661 2884 3663 2887 Α

626 2996 746 3063 hoc
786 3019 901 3083 per
945 2996 1215 3083 eclipsin
1258 2996 1431 3078 fieri,
1478 3006 1550 3061 ut
1590 2996 1647 3062 si
1680 2996 1905 3077 dicam,
1950 3019 2080 3061 non
2122 2997 2330 3063 bonus
2359 2996 2565 3078 homo,
2611 3021 2726 3084 pro
2765 2999 2994 3080 malus,
3041 2998 3358 3065 subaudio
3389 3000 3532 3063 εει)

620 3098 1128 3185 Praepositionis
1172 3108 1384 3164 autem
1414 3098 1743 3185 proprium
1774 3110 1892 3179 est,
1939 3098 2280 3183 separatim
2323 3099 2580 3185 quidem
2623 3123 2740 3187 per
2768 3099 3272 3186 appositionem⁸
3325 3122 3536 3165 casua-

624 3201 795 3267 libus
841 3202 1169 3287 praeponi,
1216 3211 1288 3265 ut
1331 3201 1411 3266 de
1454 3222 1625 3286 rege,
1672 3201 1841 3285 apud
1883 3198 2182 3280 amicum3
2230 3200 2623 3267 coniunctim
2665 3224 2816 3266 vero
2859 3224 2977 3287 per
3019 3200 3536 3287 compositionem

624 3306 786 3367 tam⁴
858 3322 997 3367 cum
1044 3302 1423 3369 habentibus
1466 3322 1690 3381 casus,
1750 3304 1972 3386 quam⁵
2024 3302 2210 3366 etiam
2265 3324 2406 3368 cum
2458 3325 2587 3369 non
2643 3302 3056 3385 habentibus,
3115 3314 3186 3367 ut
3233 3302 3536 3375 indoctus

626 3402 974 3484 interritus,
1020 3404 1389 3486 intel-curro,
1436 3403 1798 3489 proconsul,
1842 3402 2096 3481 induco,
2137 3403 2515 3489 inspiciens.

788 3500 1127 3589 Proprium
1171 3514 1271 3572 est
1313 3504 1810 3583 coniunctionis,
1867 3504 2124 3569 diversa
2163 3504 2426 3570 nomina
2479 3506 2582 3571 vel
2627 3528 3041 3592 quascunque
3085 3505 3402 3569 dictiones
3445 3524 3540 3567 ca-

624 3604 837 3669 suales
881 3605 984 3670 vel
1042 3607 1297 3672 diversa
1340 3606 1537 3670 verba
1590 3605 1695 3669 vel
1737 3605 2043 3671 adverbia
2085 3606 2502 3693 coniungere,
2563 3617 2630 3671 ut
2687 3618 2753 3673 et
2793 3607 3136 3673 Terentius
3192 3616 3258 3671 et
3299 3602 3536 3674 Cicero,

624 3705 730 3769 vel
773 3704 1109 3773 Terentius
1171 3709 1275 3773 vel
1321 3708 1619 3786 Cicer0,⁶
1672 3716 1736 3771 et
1775 3705 2092 3773 formosus
2137 3716 2201 3773 et
2243 3708 2540 3793 sapiens,
2598 3709 2703 3774 vel
2743 3708 3062 3774 formosus
3119 3708 3226 3772 vel
3271 3708 3536 3792 sapienS,

625 3815 691 3870 et
732 3806 957 3891 legens
1002 3818 1069 3873 et
1114 3809 1423 3890 scribens,
1469 3808 1571 3873 vel
1618 3809 1842 3893 legens
1890 3808 1994 3874 vel
2037 3808 2326 3875 scribens
2345 3859 2362 3889 ,
2409 3820 2473 3874 et
2515 3831 2638 3895 ego
2683 3818 2748 3874 et
2773 3818 2860 3889 tu,
2907 3807 3010 3874 vel
3051 3818 3125 3873 tu
3168 3808 3276 3873 vel
3305 3830 3442 3893 ego,
3485 3818 3540 3868 et
3657 3838 3659 3877 :

620 3906 787 3972 facio
835 3918 899 3973 et
942 3909 1085 3976 dico
1106 3961 1122 3992 ,
1186 3911 1292 3977 vel
1333 3910 1497 3976 facio
1542 3910 1644 3975 vel
1688 3909 1864 3991 dicu,
1923 3917 1988 3975 et
2032 3910 2196 3975 bene
2240 3920 2306 3975 et
2347 3909 2672 3991 celeriter,
2726 3910 2832 3976 vel
2875 3912 3038 3977 bene
3091 3909 3200 3974 vel
3243 3907 3536 3975 celeriter.
3657 3880 3660 4082 1

760 4184 896 4247 (27·)
972 4190 992 4236 1
1039 4182 1088 4235 .i.
1126 4180 1209 4235 iss.
1244 4179 1473 4233 mim-eth
1504 4196 1687 4249 prono.
1723 4176 2001 4247 αὲιιίἀίφιᾱ
2031 4179 2421 4232 arumnaimm
2455 4178 2611 4231 (lilius
2649 4184 2677 4230 7
2715 4184 2768 4230 m'
2807 4176 2985 4231 ariadn'
3020 4177 3144 4231 dam
3179 4173 3538 4244 ¹⁸6deth

624 4264 731 4300 som
764 4251 1053 4303 aranmaim
1094 4247 1470 4303 doacaldmck

761 4323 791 4369 2
830 4320 877 4370 .i.
917 4314 1181 4372 &methcha
1216 4318 1413 4369 air-indi
1448 4322 1657 4369 menet
1674 4314 1892 4383 fiee-rae
1925 4314 2368 4368 domiimchomurc
2404 4316 2444 4370 ‚i
2493 4313 2838 4383 dostimailcet
2869 4313 3258 4366 anime-homere
3291 4311 3533 4365 mecho-

622 4402 835 4439 marcar
884 4390 958 4440 tri
999 4388 1111 4459 quis
1158 4391 1185 4436 7
1232 4385 1399 4456 qualis
1449 4392 1473 4434 7
1512 4390 1730 4465 quantus
1818 4388 1847 4435 3
1887 4383 1937 4438 ,εἴ
1972 4384 2140 4464 qualis
2177 4388 2204 4435 7
2244 4384 2362 4435 talah
2401 4386 2450 4438 ,ιζ
2487 4381 2600 4435 inni
2627 4382 2890 4449 indfolai'd
2920 4380 3058 4435 Maia
3145 4388 3178 4435 4
3215 4383 3268 4435 .ι’.
3303 4378 3532 4435 mezerici

622 4454 719 4505 etir
752 4456 912 4509 masth
951 4462 980 4509 ’1
1019 4457 1100 4508 olc
1188 4458 1216 4506 5
1254 4454 1306 4507 .2'.
1362 4470 1442 4506 >ro
1480 4469 1615 4505 παθη
1652 4452 1701 4507 ,ιζ
1734 4449 1791 4503 di
1876 4456 1907 4503 6
1947 4470 1994 4506 a.
2031 4450 2257 4503 caim-eth
2289 4462 2506 4505 nomae
2540 4450 2734 4505 torand
2750 4450 2934 4519 solat'd
2969 4450 3320 4503 cenchinm‘utli
3349 4450 3535 4519 persiae

626 4527 654 4573 '1
692 4523 742 4575 .t'.
780 4526 893 4593 quis
933 4530 960 4575 7
996 4525 1087 4595 qui
1124 4522 1325 4591 arthj'ar
1356 4472 1479 4574 5qu
1489 4522 1615 4574 nois.
1653 4526 1801 4573 ataat
1834 4520 2014 4573 iambi
2049 4520 2308 4573 olchoenae
2345 4520 2381 4571 ,ι’
2429 4521 2543 4591 quis
2581 4526 2608 4572 7
2648 4519 2768 4572 talis

762 4598 790 4643 8
830 4593 867 4647 ,ι’
916 4592 1102 4662 afolad
1136 4598 1162 4643 7
1203 4591 1419 4643 iri-chiall
1486 4596 1515 4644 9
1557 4591 1606 4644 ,ιζ
1642 4588 1748 4641 nihi
1784 4588 1971 4642 dechor
2006 4590 2103 4641 ebir
2138 4589 2271 4640 cliall
2302 4605 2560 4641 namnam
2594 4595 2621 4640 7
2657 4604 2841 4658 prono.

766 4667 826 4714 10
859 4662 1069 4715 masued
1098 4660 1321 4712 aluindes
1344 4658 1571 4712 indu-ann
1642 4665 1697 4711 11
1735 4661 1782 4711 ,ιζ
1808 4662 1894 4710 cia
1919 4656 2182 4709 randdatu
2207 4658 2280 4709 bis
2303 4657 2416 4709 indi
2491 4663 2548 4709 12
2577 4659 2626 4712 .i.
2653 4658 2752 4709 cisi
2767 4670 2908 4708 rann
2927 4654 3177 4725 doyentar
3199 4656 3264 4707 dn·
3329 4662 3384 4707 13
3411 4656 3532 4705 aris·

624 4728 759 4782 dial!
786 4732 914 4784 noth.
950 4729 1169 4783 lasui'dib
3653 4760 3655 4785 ÷

764 4806 824 4852 14
862 4802 913 4854 ,ιζ
948 4804 1005 4851 m'
1038 4799 1253 4852 elemtai
3653 4788 3655 4944 1

771 4890 827 4936 15
868 4884 1128 4954 indsolaicl
1202 4888 1260 4935 16
1298 4882 1593 4935 induimitla
1619 4882 1652 4934 l.
1690 4881 1907 4935 breuiter

768 4959 825 5004 17
868 4956 918 5005 ,εἰ
954 4954 1049 5006 eti'r
1087 4951 1404 5004 indobretlzir
1438 4952 1530 5003 ao'n
1567 4951 1741 5004 conice
1778 4950 1857 5002 bes
1901 4950 2101 5003 hdebre.
2143 4956 2169 5000 7
2198 4950 2278 5003 bes
2299 4964 2444 5003 rems.
2483 4950 2516 5001 l.
2543 4950 2640 5001 etae'r
2676 4946 2918 5002 indobroe.
2955 4946 3164 5000 seclu'ssc'
3200 4952 3227 4997 7
3263 4960 3404 4997 raris.
3439 4960 3528 4993 su-

627 5020 1025 5075 clodo-amemur
1060 5021 1248 5073 alaaili
1280 5020 1515 5073 amabatis
1550 5020 1605 5071 in
1638 5035 1730 5072 oen
1762 5020 1920 5071 rainu

763 5092 895 5154 (27⁵)
972 5097 993 5142 1
1033 5090 1087 5143 .i.
1124 5088 1360 5141 ardobre.
1395 5089 1450 5140 ki
1482 5088 1839 5158 rmamuqud
1905 5094 1935 5139 2
1974 5089 2027 5143 .i.
2063 5086 2152 5139 ani
2187 5095 2319 5140 mest
2355 5087 2404 5142 ,ιζ
2441 5086 2550 5139 ὁὶἰά
2583 5093 2655 5139 est
2690 5086 2744 5137 ki
2765 5084 3018 5153 soetsecht
3651 5150 3653 5155 .

762 5162 793 5209 3
830 5158 883 5213 .i.
919 5156 1356 5211 trechomaismdeis
1393 5156 1457 5209 do
1492 5156 1699 5210 inchosc
1733 5155 2033 5210 denckeillae
2102 5162 2135 5209 4
2169 5154 2318 5210 anmi
2353 5154 2558 5209 ΙωπαΙιί
2628 5160 2658 5209 5
2693 5153 2845 5209 mla
2913 5158 2947 5206 6
2984 5154 3037 5207 .ι“.
3059 5150 3360 5205 Μίαν-ὠ
3651 5188 3654 5377 l
