3717 5642
929 349 1054 419 111.
1099 353 1160 418 2.
1231 369 1512 419 vsustm
1553 369 1733 418 nm.
1773 368 2317 420 sensuum-rmum,
2618 352 2756 415 (⁵41·
2781 352 2903 416 ⁶³9)
2964 355 3087 420 561

215 540 370 606 liceat
403 537 614 623 nobis)
658 539 740 604 72
763 537 824 603 b.
886 561 1030 603 mar
1070 537 1244 625 bemp
1286 561 1356 604 re
1387 542 1564 626 prim
1606 541 1838 606 estimet
1878 559 1943 604 ez
1984 560 2161 625 vemp
2202 537 2481 603 tamallet
2530 537 2623 623 (si
2666 537 3093 606 existimemur

215 641 369 708 nimis
395 639 679 727 prompti,
725 639 1185 727 vituperemur)
1222 644 1412 706 lua.
1471 663 1612 707 mar
1655 641 1798 706 bech
1839 638 2087 726 amo[n]
2133 662 2206 704 en
2249 650 2313 724 ty
2340 661 2489 704 man
2516 640 2715 704 leones
2744 639 2833 724 (si
2862 642 3093 709 essetis

215 741 296 808 hic
329 743 390 807 iu
427 741 542 808 hae
586 740 772 807 domo
813 742 1154 823 monacha)
1197 741 1362 808 Buh.
1412 743 1514 824 20,
1550 745 1609 810 8.
1677 743 1760 806 oll
1801 765 1944 808 ηιαι·
1986 741 2129 806 bech
2168 743 2294 826 huy
2336 765 2377 805 a
2422 761 2507 804 va
2546 741 2795 826 opinion
2836 742 3093 828 (omnes

217 845 258 908 si
293 843 418 910 sitis
455 863 571 908 vos
616 843 980 928 unanimes)
1026 845 1126 926 22,
1159 845 1224 908 9.·
1281 867 1424 909 mar
1450 845 1691 929 fallech
1733 855 2079 930 mezequaet
2122 843 2267 909 vech
2308 841 2397 926 (si
2438 841 2783 922 deficiatis,
2826 843 3095 914 infames

213 944 370 1029 sitis),
410 967 544 1010 mar
585 945 666 1010 Ιιο
705 946 1122 1010 droam-etech
1161 967 1228 1010 ez
1269 947 1414 1011 vecla
1457 945 1594 1030 olaf
1627 946 1718 1030 (si
1763 967 1879 1012 eos
1922 945 2085 1012 male
2128 944 2486 1032 excipiatis,
2532 945 2709 1032 aeg-ri
2738 945 2911 1031 sitis)
2955 946 3093 1014 MJ.

214 1049 298 1112 60.
359 1069 446 1111 me
484 1047 682 1112 arethe
729 1069 794 1110 ez
833 1047 978 1110 veel.
1021 1047 1190 1111 ezech
1232 1059 1366 1112 mat
1416 1048 1830 1133 (crediderim
1870 1070 1989 1115 vos
2043 1069 2191 1114 esse
2241 1046 2416 1112 viros
2473 1046 2709 1131 bonos)
2765 1051 2881 1112 211
2900 1071 2958 1114 a.
3020 1073 3099 1116 ne

215 1150 324 1214 neck
359 1160 489 1234 quet
527 1171 642 1212 car
682 1169 854 1214 cesar
895 1149 1056 1233 (non
1098 1149 1364 1231 essetis,
1409 1171 1592 1216 esses
1637 1151 1879 1218 amicus
1926 1147 2257 1232 Caesaris)
2324 1149 2438 1213 112
2454 1170 2511 1212 a.
2576 1169 2654 1212 ne
2692 1161 2835 1214 vent
2876 1149 3099 1218 hanten-

214 1273 268 1316 en
298 1273 434 1338 quer
482 1252 570 1314 da
613 1250 982 1334 disclaeriaf
1026 1249 1186 1335 (non
1229 1261 1449 1318 essent
1491 1253 1650 1318 satis
1700 1253 1783 1318 ad
1827 1251 2159 1318 dimidium
2200 1271 2361 1316 voce
2406 1249 2879 1336 explicandum)
2944 1256 3093 1321 101).

207 1374 270 1438 pe
303 1375 360 1416 ez
407 1364 544 1416 vent
581 1365 792 1416 manet
845 1353 988 1436 (aut
1041 1353 1460 1439 mansissent)
1505 1355 1656 1421 231).
1699 1359 1854 1421 ⁶242..
1932 1377 1997 1418 ez
2048 1365 2188 1418 vent
2226 1353 2482 1416 redimet
2534 1351 2635 1436 (ut
2675 1353 3096 1443 redimantur)

218 1455 341 1520 291).
382 1476 512 1539 pan
547 1464 688 1518 vent
726 1475 770 1538 9
811 1467 1104 1541 muyquet
1149 1451 1406 1520 Gabriel
1447 1456 1731 1542 (etiamsi
1778 1459 1908 1524 sint
1948 1456 1994 1523 ii
2038 1455 2186 1544 plus
2232 1475 2421 1541 quam
2462 1451 2579 1540 G.)
2630 1457 2823 1522 1871).

341 1556 476 1621 Fut.
522 1575 654 1622 sec.
700 1554 862 1640 (opt.
905 1579 1116 1643 praes.
1161 1557 1510 1624 secundum
1553 1559 1760 1626 Man:
1827 1560 2041 1637 vilaen,
2086 1558 2288 1639 villae,
2335 1558 2501 1639 ville,
2544 1557 2812 1643 vilzemp,
2853 1560 3099 1642 vihec‘lt,

213 1655 421 1741 m‘hent).
515 1656 734 1742 Sing.:
783 1679 918 1743 pan
957 1659 1209 1724 lavares
1257 1672 1412 1746 qaut
1465 1659 1608 1724 bras
1651 1673 1820 1747 casty
1872 1685 1934 1726 ez
1977 1662 2196 1726 vihenn
2236 1671 2361 1723 rect
2384 1707 2401 1722 .
2428 1707 2441 1722 .
2472 1708 2483 1720 .
2518 1659 2642 1722 evel
2684 1661 2873 1740 ducat
2923 1663 3099 1748 (eum

211 1759 340 1823 dixit
381 1781 612 1845 magna
673 1781 818 1825 cum
861 1762 1280 1848 castigatione
1323 1784 1422 1828 me
1466 1763 1754 1830 vinctum
1793 1763 1875 1829 iri
1919 1764 2061 1829 ovis
2102 1761 2335 1846 instar)
2388 1759 2522 1827 MJ.
2564 1763 2648 1828 30
2662 1762 2723 1828 b.
2790 1775 2931 1848 quet
2980 1787 3103 1829 nen

203 1883 430 1947 qraeenn
475 1883 616 1948 pan
667 1862 892 1928 vibena
923 1865 1050 1945 fur
1108 1863 1266 1948 (non
1307 1864 1607 1932 fecissem
1653 1865 1750 1946 id,
1809 1864 1869 1932 si
1920 1887 2132 1932 essem
2188 1862 2481 1952 sapiens)
2534 1862 2687 1929 821).
2752 1886 2882 1950 pan
2940 1866 3104 1930 vibes

207 1963 430 2027 chomet.
457 2013 472 2028 .
498 2015 512 2028 .
537 1966 660 2030 laon
703 1977 926 2030 autrou
967 1967 1138 2048 ufvel
1177 1989 1218 2030 α
1257 1967 1490 2053 quelses
1532 1966 1622 2051 (si
1663 1967 2050 2049 mansisses,
2108 1965 2433 2032 dominum
2474 1975 2761 2030 nostrum
2802 1965 3104 2033 humilem

206 2063 476 2149 vidisses)
519 2065 721 2133 2131).
783 2091 870 2131 un
914 2069 1274 2154 oiqnamnt
1312 2087 1465 2154 quer
1510 2071 1725 2133 laceret
1763 2094 1806 2135 a
1846 2070 1983 2134 eike
2018 2079 2302 2156 quer-zet.
2332 2116 2347 2132 .
2372 2117 2389 2132 .
2420 2077 2521 2150 ιτ9
2562 2079 2707 2132 cant
2732 2067 2914 2132 dinen·
2955 2068 3105 2153 (un-

206 2177 466 2250 guentum
512 2189 733 2234 carum
777 2169 1045 2251 dictum,
1105 2169 1276 2256 quod
1319 2171 1700 2237 venderetur
1751 2173 1877 2238 300
1920 2169 2237 2254 denariis)
2296 2169 2447 2234 15b.
2514 2168 2681 2255 quale
2720 2171 2855 2234 υἰΙισ
2906 2171 3111 2256 dezaff

206 2268 326 2352 affec
377 2269 484 2334 dre
534 2291 658 2356 nep
699 2281 876 2335 ancre
917 2295 1004 2336 na
1043 2271 1180 2334 vilae
1229 2283 1371 2354 quet
1405 2285 1592 2358 qanet
1645 2271 1903 2356 (melius
1960 2283 2135 2340 esset
2187 2271 2247 2340 ei
2298 2291 2525 2336 revera
2582 2268 2641 2334 si
2692 2270 2869 2336 nullo
2926 2272 3105 2338 aditu

203 2383 362 2436 natus
403 2371 606 2456 esset)
653 2373 808 2438 581).
871 2395 1006 2458 pan
1047 2396 1134 2436 na
1174 2393 1246 2436 ve
1290 2373 1480 2439 droun
1518 2395 1708 2462 φαεν
1747 2375 2017 2440 ‘meurbet
2070 2395 2147 2440 ne
2186 2373 2321 2438 vila
2362 2383 2505 2458 quet
2546 2373 2747 2436 dereet
2796 2374 2890 2438 dic
2946 2372 3106 2457 (nisi

204 2483 350 2538 esset
384 2472 716 2540 maleficus
757 2473 1124 2556 admodum,
1185 2495 1316 2539 non
1360 2488 1536 2541 esset
1577 2476 1887 2544 deductus
1932 2476 2015 2542 ad
2054 2476 2151 2563 te)
2216 2475 2317 2538 101
2346 2496 2405 2538 a.
2471 2495 2567 2537 me
2608 2475 2812 2539 deseos
2866 2497 2929 2540 ez
2970 2477 3107 2542 viloe

205 2593 288 2636 roe
325 2574 654 2661 (putabam
685 2598 826 2643 eum
853 2577 988 2642 fore
1017 2576 1263 2662 regem)
1297 2579 1422 2640 204
1434 2599 1491 2642 a.
1550 2601 1632 2664 ny
1675 2581 1760 2644 oll
1801 2603 1839 2642 α
1861 2581 2126 2665 predere
2164 2578 2301 2642 real
2342 2597 2407 2641 ez
2446 2577 2582 2640 vilae
2616 2575 2819 2640 salver
2854 2577 3110 2664 qeneral

203 2674 426 2758 (omnes
469 2677 966 2763 expectabamus
1005 2678 1288 2765 regalem
1343 2699 1484 2745 eum
1525 2678 1662 2745 fore
1707 2677 2563 2762 salvatorem‘communem)
2606 2678 2801 2744 2079..
2898 2677 3103 2744 Plur.:

203 2797 318 2841 mu
356 2780 515 2844 vient
558 2779 686 2844 don
725 2782 1058 2864 questionet
1100 2778 1202 2863 (ut
1243 2780 1500 2866 penitus
1542 2781 1971 2868 inquireretur
2009 2781 2079 2847 in
2114 2781 2257 2866 eos)
2304 2782 2427 2848 219
2442 2802 2498 2845 a.

1363 2965 1929 3036 Praeteritum.

339 3083 894 3172 Praeteritum
935 3083 1394 3171 primarium
1437 3086 1543 3153 hic
1586 3096 1658 3152 ut
1693 3086 1764 3154 in
1807 3087 1953 3155 aliis
1996 3087 2373 3176 quibusdam
2400 3084 2617 3153 verbis
2650 3083 2961 3151 anomalis
3005 3107 3109 3152 se·

205 3184 352 3253 cedit
390 3210 431 3253 a
471 3186 800 3254 communi
842 3186 1030 3253 huius
1073 3187 1384 3275 temporis
1426 3188 1800 3254 formatione
1844 3211 1963 3278 per
2000 3212 2031 3255 s
2072 3190 2259 3270 facts,
2308 3201 2584 3276 excepta
2624 3189 2683 3252 2.
2726 3209 2893 3274 pers.
2942 3189 3107 3274 sing.

204 3288 524 3370 cumbrica,
585 3309 756 3374 quae
797 3286 866 3354 in
913 3301 1034 3354 -ont
1077 3289 1342 3370 desinit3
1406 3293 1460 3356 l.
1503 3311 1676 3376 pers.
1722 3290 1887 3378 sing.
1934 3292 2254 3358 cambrice
2294 3315 2389 3356 -m
2442 3289 2670 3376 (mm),
2734 3289 2989 3356 cornice
3047 3301 3113 3356 et

203 3393 522 3459 aremorice
567 3393 644 3476 ·s
674 3391 1066 3458 terminatur.
1992 3387 1997 3393 ’

341 3490 601 3561 Cambr.
653 3493 818 3580 sing.
869 3497 921 3560 1.
967 3517 1170 3581 persa
1217 3517 1293 3559 ac
1331 3513 1454 3580 9πο
1492 3515 1538 3580 9
1582 3493 1726 3557 bum
1765 3515 1809 3580 9
1851 3516 1960 3560 nos
1987 3495 2185 3560 bonno
2228 3494 2327 3580 (et
2366 3493 2458 3559 ibi
2498 3491 2593 3559 fui
2636 3492 2801 3558 hanc
2828 3495 3113 3580 noctem)

207 3587 354 3660 Mab.
383 3599 436 3678 1,
471 3597 572 3662 10.
635 3617 764 3680 yny
807 3609 933 3660 coet
970 3619 1014 3681 9
1058 3597 1242 3661 buum
1287 3597 1584 3681 metha-yr-
1625 3596 1726 3680 (in
1771 3597 1941 3662 silva
1979 3596 2073 3664 fni
2114 3596 2460 3684 praeterita
2498 3595 2719 3680 nocte)
2764 3599 2822 3678 2,
2854 3599 2956 3662 42.
3012 3621 3114 3683 98-

199 3697 388 3774 peilm
427 3721 592 3761 neum
632 3696 664 3758 i
697 3719 844 3782 yma
888 3697 1080 3780 (latro
1124 3697 1212 3764 fui
1260 3719 1379 3784 ego
1423 3696 1558 3781 hic)
1611 3703 1660 3778 l,
1697 3700 1797 3764 37.
1902 3699 1957 3763 2.
2008 3717 2207 3782 ρει-ω
2260 3721 2305 3784 9
2344 3718 2475 3784 ρων
2524 3718 2567 3781 9
2610 3696 2781 3760 buost
2819 3699 3119 3785 neitheryr

200 3815 302 3881 yny
340 3808 400 3882 ι9
466 3797 626 3882 (vir,
671 3797 740 3863 in
785 3798 966 3864 cuius
1010 3801 1194 3866 domo
1235 3799 1414 3866 fuisti
1455 3809 1645 3864 nocte
1687 3799 2061 3886 praeterita)
2112 3804 2165 3882 1,
2210 3801 2353 3866 247.
2444 3799 2503 3865 3.
2550 3819 2746 3884 pers.:
2814 3800 2993 3884 ochyt
3036 3801 3117 3866 bu

207 3917 370 3961 mater
409 3923 488 3964 eu
532 3902 722 3966 πίνει·
765 3901 866 3986 (et
905 3903 1197 3987 quamvis
1246 3911 1418 3970 esset
1459 3923 1728 3987 mugnus
1776 3923 1993 3968 eorum
2037 3901 2369 3986 numerus)
2420 3906 2475 3982 1,
2507 3903 2609 3965 22.
2666 3921 2707 3962 α
2744 3899 2849 3964 hir·
2888 3925 2977 3965 ua
3015 3924 3119 3988 qe-

208 3999 308 4083 nyst'
340 4021 382 4088 9
423 4022 540 4067 nos
590 4003 790 4069 bonno
832 4003 930 4087 (et
969 4016 1168 4091 tonga
1209 4005 1345 4085 fuit,
1391 4004 1535 4069 visa
1576 4017 1676 4068 est
1716 4004 1873 4068 mihi
1916 4027 2047 4070 nox
2090 4003 2279 4089 haec)
2332 4010 2384 4084 1,
2418 4004 2477 4069 6.
2576 4001 2749 4068 Plur.
2814 4005 2870 4067 l.
2915 4025 3115 4090 pers.:

205 4118 266 4180 ψ·
287 4125 358 4166 vn
388 4107 582 4168 uiuet·
607 4125 652 4188 9
681 4103 864 4168 huam
896 4106 1005 4170 doe
1035 4105 1290 4190 (eadem
1323 4103 1657 4171 multitudo
1689 4127 1853 4192 quae
1882 4105 2117 4172 fuimus
2146 4105 2313 4190 heri)
2348 4104 2511 4170 Mab.
2545 4104 2602 4186 3,
2646 4105 2736 4168 17.
2828 4107 2886 4169 2.
2916 4128 3117 4192 persa

209 4202 428 4286 όῲατοη
467 4227 516 4292 9
560 4203 818 4270 ὸηαωοή
854 4207 1110 4292 ymkoen
1157 4207 1422 4292 (affatim
1467 4206 1677 4272 fuistis
1721 4207 1791 4272 in
1833 4207 2075 4295 poena)
2120 4211 2177 4291 3,
2215 4211 2354 4274 199.
2443 4208 2501 4274 3.
2546 4227 2746 4293 peret
2808 4205 3003 4271 Heuel
3043 4229 3123 4272 ar

214 4301 488 4391 doytkyon
543 4319 792 4372 annunt
837 4329 882 4394 9
932 4310 1057 4395 kyd
1109 4331 1185 4374 ac
1237 4310 1311 4393 ‘9‘
1354 4305 1483 4393 (H.
1540 4321 1604 4374 et
1657 4307 1829 4374 docti
1888 4311 1995 4396 qui
2050 4311 2305 4375 fuerunt
2356 4327 2501 4373 cum
2545 4307 2667 4390 eo)
2720 4305 2876 4394 Leg.
2924 4307 3120 4394 praef.

212 4402 402 4472 chunrat
457 4429 536 4473 en
583 4409 693 4471 hir
746 4429 820 4471 en
872 4431 1178 4474 amr-esaon
1233 4409 1520 4493 (fuerunt
1573 4407 1680 4474 diu
1737 4409 2201 4497 disceptantes)
2252 4409 2412 4496 Leg.
2457 4411 2521 4493 2,
2566 4411 2627 4491 2,
2674 4411 2732 4472 1.
2824 4432 2865 4474 a
2908 4411 3123 4474 [lamen

223 4521 390 4572 want
428 4521 677 4596 wynteu
725 4507 821 4592 (et
861 4509 1012 4576 laeti
1053 4509 1310 4588 fuerunt
1348 4511 1510 4597 ipsi)
1551 4509 1726 4578 Mab.
1763 4514 1818 4592 1,
1856 4511 2000 4576 262.

353 4609 551 4677 Corn.
603 4611 768 4696 sing.
821 4613 873 4675 1.
916 4633 1116 4697 pers.:
1158 4633 1243 4697 py
1285 4633 1360 4676 tr
1387 4613 1518 4696 suf
1551 4635 1628 4691 vy
1669 4635 1713 4698 9
1755 4615 1977 4697 scythes
2021 4612 2306 4697 (quando
2348 4612 2441 4679 fui
2486 4634 2607 4699 ego
2650 4610 2789 4678 eius
2834 4612 3123 4698 custos?)

220 4703 276 4772 Ο.
303 4711 440 4778 576.
509 4737 602 4798 ‘ny
631 4715 766 4796 Jvf
799 4715 917 4778 den
959 4714 1161 4778 τΙιοτΙιο
1207 4713 1528 4800 bytlaequetlc
1573 4715 1929 4800 (nunquam
1969 4713 2061 4779 fui
2103 4714 2289 4781 homo
2330 4714 2492 4800 illi),
2548 4735 2637 4800 9η
2679 4715 2881 4780 henna
2932 4737 2977 4800 9
3007 4713 3139 4799 suf

217 4831 370 4896 yenys
411 4815 516 4899 (in
565 4837 646 4880 eo
689 4815 1096 4899 natusx‘sum)
1137 4813 1220 4880 D.
1259 4817 1440 4882 1238.
1472 4816 1656 4881 2021.
1718 4817 1854 4880 then
1894 4817 2139 4902 plasma
2178 4839 2223 4902 9
2254 4816 2383 4902 suf
2412 4818 2622 4902 rofsys
2667 4815 2779 4901 (ud
2823 4815 2992 4881 hunc
3033 4814 3129 4881 lo-

222 4929 337 4978 cum
377 4917 698 4982 abductus
744 4916 946 5001 sum),
1005 4917 1114 4980 dre
1156 4917 1358 4981 henna
1393 4937 1438 5002 9
1467 4917 1598 5000 fi‘f
1632 4918 1941 5004 dampnys
1981 4918 2131 5004 (per
2171 4919 2329 4984 illud
2373 4919 2707 4984 damnatus
2752 4917 2953 5002 sum),
2994 4937 3129 5000 pan

215 5011 318 5095 f¹¹s
339 5019 578 5103 99ῖω9ε
619 5019 796 5103 (cum
839 5027 1104 5083 vocatus
1151 5016 1320 5101 sum)
1363 5015 1440 5082 R.
1477 5018 1620 5083 198.
1651 5019 1795 5084 213.
1829 5021 2014 5085 2150.
2084 5021 2183 5084 del
2214 5019 2367 5104 fuef
2404 5019 2553 5083 bade
2588 5041 2631 5102 9
2659 5019 2791 5102 suf
2808 5018 2987 5103 tollys
3026 5016 3132 5102 (ut

217 5109 294 5180 fui
335 5120 654 5206 stupidus,
703 5142 844 5185 sum
888 5119 1226 5204 deceptus)
1282 5116 1359 5183 R.
1411 5119 1592 5184 1886.
1672 5121 1820 5185 doro
1866 5121 1962 5186 the
2003 5121 2143 5207 lues
2181 5143 2268 5208 yn
2318 5122 2477 5207 woly
2513 5141 2755 5206 yuynys
2796 5139 2945 5204 may
2980 5116 3147 5204 sues

333 5235 526 5306 Zeus,
563 5255 778 5295 onan.
813 5255 969 5293 cunr.
1039 5235 1141 5293 En.
1174 5235 1242 5291 11.
2652 5240 2720 5291 36
