3717 5642
508 342 673 412 ΧΠ
739 347 930 418 <xm
953 347 1160 420 xvm)
1569 369 1950 420 murino
1990 348 2358 422 moroms.‘

506 537 924 624 peregrini
973 539 1042 604 in
1083 547 1297 606 monte
1339 537 1406 606 S.
1436 537 1716 606 'Victoris
1757 531 2189 626 procurentur'
2262 541 2499 629 (Neug.
2540 566 2605 608 n.
2634 543 2795 624 5533
2838 541 2919 610 cf.
2948 537 3161 610 Perta.
3205 543 3265 624 2,
3296 542 3433 626 73).

511 643 824 712 Coloniae
864 651 1312 716 monasterium
1357 649 1688 717 Scotorum
1731 672 1786 715 a.
1819 654 1943 717 975
1988 652 2237 716 demum
2281 654 2399 717 sub
2442 655 2669 719 abbate
2710 652 3123 719 Minnborino
3166 653 3430 740 incepit,

509 764 582 821 ut
621 767 834 822 narrat
875 759 1201 825 Marianus
1247 757 1478 826 Scotus
1524 759 1762 844 (Pertz.
1809 765 1865 840 7,
1913 761 2101 843 555);
2160 763 2633 828 vetustissimus
2687 773 2893 828 autem
2950 763 3021 828 in
3064 762 3433 848 regionibus

509 864 854 932 Rhenanis·
913 869 1218 934 eiusmodi
1276 878 1626 936 conventus
1677 871 1871 936 fuerit
1918 871 1989 936 in
2042 871 2256 936 insula
2308 871 2519 938 Rheni
2574 873 2779 959 ipsius
2850 873 3021 940 dicta
3070 871 3435 958 Honaugia,

511 973 954 1064 Hohenaugia,
999 1001 1200 1065 prope
1233 981 1738 1067 Argentoratum,
1787 981 1959 1046 circa
2002 1005 2055 1044 a.
2090 982 2214 1046 720
2258 982 2337 1047 ab
2368 983 2716 1050 Adalberto
2756 981 3047 1048 Alsatiae
3092 982 3251 1047 duce
3294 982 3439 1048 fun-

511 1085 726 1168 datus,
790 1089 898 1174 qui
950 1089 1016 1154 in
1061 1091 1330 1156 vetustis
1377 1090 1516 1156 eius
1563 1090 1796 1156 chartis
1841 1091 2113 1156 servatis
2158 1092 2225 1154 in
2266 1092 2485 1158 codice
2532 1093 2769 1178 scripto
2814 1117 2871 1158 a.
2924 1093 3079 1158 1079
3136 1114 3176 1156 a
3216 1091 3437 1158 Leone

515 1198 823 1264 canonico
865 1197 1310 1288 Honaugiensi
1359 1201 1581 1285 (editis
1626 1203 1705 1268 ab
1748 1201 1812 1266 J.
1843 1201 2155 1268 Mabillon
2200 1202 2267 1266 in
2310 1201 2545 1268 Annal.
2592 1203 2834 1268 ordinis
2880 1201 2947 1269 S.
2994 1201 3329 1268 Benedicti
3376 1203 3436 1282 2,

511 1309 634 1374 695
681 1309 809 1396 sq.)
876 1309 1108 1375 dicitur
1176 1304 1653 1378 ‘monasterium
1707 1311 2066 1396 Scotorum,
2126 1313 2401 1380 ecclesia
2454 1303 2821 1380 Scotorum.³
2925 1311 3051 1378 Est
3102 1312 3265 1378 inter
3320 1309 3439 1377 has

515 1440 641 1483 una
681 1418 820 1504 (pp.
851 1421 994 1484 699.
1029 1421 1202 1506 700),
1250 1444 1376 1509 qua
1401 1419 1642 1489 Beatus
1675 1423 1959 1489 eiusdem
1988 1423 2355 1490 monasterii
2398 1425 2595 1491 abbas
2638 1423 2821 1510 plura
2864 1423 3059 1488 donat
3114 1413 3222 1486 ‘ad
3262 1421 3443 1487 illum

509 1528 716 1594 locum
757 1529 1148 1615 praedictum
1193 1539 1258 1596 et
1298 1531 1383 1598 ad
1421 1554 1738 1620 pauperes
1783 1543 1848 1598 et
1890 1533 2355 1620 peregrinos
2398 1535 2669 1620 gentis
2714 1523 3201 1601 Scotorum'.⁸
3304 1531 3439 1599 No-

382 1723 395 1732 ·
509 1638 825 1704 minantur
876 1641 944 1705 in
997 1642 1122 1708 fine
1165 1651 1418 1727 praeter
1459 1643 1772 1708 notarium
1813 1641 1993 1712 Scoti
2008 1695 2025 1727 ,
2084 1667 2349 1732 quorum
2404 1644 2682 1730 dignitas
2738 1640 3127 1728 episcopalis
3186 1641 3439 1722 dicitur,

513 1749 802 1835 exceptis
859 1751 1087 1816 abbate
1143 1761 1206 1816 et
1260 1775 1388 1818 uno
1439 1754 1842 1840 presbytero,
1900 1753 1995 1819 hi:
2066 1745 2235 1841 ‘Ego
2296 1753 2731 1818 Wellimannus
2782 1761 3045 1838 rogatus
3100 1749 3331 1836 scripsi
3377 1758 3444 1815 et

511 1859 732 1926 notavi
779 1860 942 1926 diem
989 1869 1054 1926 et
1095 1871 1343 1949 tempus
1391 1874 1454 1928 et
1495 1863 1720 1930 locum.
1794 1862 1980 1930 Haec
2012 1863 2231 1931 charta
2270 1865 2337 1929 in
2368 1863 2705 1949 Maguntia
2746 1863 3003 1928 civitate
3052 1861 3289 1947 scripta
3314 1859 3442 1926 XI.

514 1969 658 2034 Kal.
707 1969 903 2036 Iulias
947 1995 1114 2036 anno
1158 1973 1242 2037 X.
1287 1975 1465 2058 regni
1511 1975 1748 2039 domini
1789 1975 1991 2040 nostri
2038 1973 2254 2040 Caroli
2295 1975 2466 2060 regis
2512 1983 2577 2039 et
2618 1971 3038 2059 imperatoris.
3084 1970 3129 2052 †
3174 1969 3443 2057 Signum

511 2079 699 2145 Beati
732 2081 981 2148 abbatis
1027 2085 1134 2168 qui
1167 2082 1332 2150 hanc
1362 2084 1640 2150 chartam
1665 2085 1804 2152 fieri
1836 2083 2104 2169 rogavit.
2150 2083 2197 2166 †
2228 2083 2294 2151 S.
2331 2083 2639 2170 Coniqam'
2666 2081 2973 2168 episcopi.
3020 2079 3065 2161 †
3096 2077 3164 2147 S.
3196 2079 3445 2145 Eckoch

512 2191 827 2278 episcopi.
887 2191 934 2274 †
977 2192 1244 2278 Signum
1289 2193 1568 2258 Suathar
1612 2195 1735 2280 epi.
1801 2194 1846 2276 †
1894 2193 2159 2280 Signum
2208 2193 2599 2280 Maucmnqib
2642 2193 2766 2278 epi.
2843 2190 2890 2273 †
2934 2190 3201 2275 Signum
3246 2189 3441 2252 Cani-

515 2301 782 2364 comrilw
825 2303 951 2388 epi.
994 2301 1041 2384 †
1083 2301 1350 2389 Signum
1377 2302 1702 2389 Doilyusso
1748 2304 1871 2390 epi.
1930 2303 1977 2386 †
2018 2302 2285 2391 Signum
2318 2303 2719 2368 Erdomnach
2760 2301 2883 2389 epi.
2928 2299 2975 2382 †
3002 2299 3271 2386 Signum
3314 2297 3447 2364 He-

513 2413 678 2474 meni
729 2403 1122 2497 presbyteri.'
1229 2411 1354 2476 Pro
1409 2411 1732 2499 Doilyusso
1785 2413 2123 2500 legendum
2176 2425 2347 2480 certe
2402 2423 2499 2480 est
2554 2413 2875 2498 Donqmo
2893 2461 2909 2490 ,
2964 2433 3106 2496 gen.
3168 2409 3447 2476 nominis

511 2519 686 2586 obvii
746 2519 814 2584 in
870 2521 1090 2588 codice
1151 2521 1466 2588 Prisciani
1521 2523 1794 2610 Donqus.
1906 2523 2072 2590 Num
2128 2525 2319 2590 etiam
2362 2522 2791 2602 statuendum,
2851 2543 2965 2606 pro
3027 2519 3445 2606 Maummnqib,

515 2630 685 2716 quod
736 2639 1080 2698 monstrum
1135 2641 1235 2697 est
1272 2632 1439 2698 falsa
1479 2633 1752 2700 lectione
1799 2642 2033 2715 ortum,
2094 2657 2217 2700 nec
2258 2633 2649 2701 hibernicum
2694 2653 2817 2696 nec
2858 2629 3285 2716 germanicum
3326 2653 3457 2698 no·-

513 2764 676 2822 men,
724 2741 1060 2827 legendum
1107 2765 1250 2808 esse
1299 2742 1670 2830 Mailbriyte,
1714 2766 1945 2809 nomen
1988 2745 2057 2810 in
2100 2745 2323 2810 eodem
2370 2744 2593 2810 codice
2636 2750 3041 2808 memoratum
3086 2749 3151 2805 et
3189 2740 3448 2808 nomine

511 2854 629 2915 inis
671 2852 950 2931 maddoc,
998 2851 1136 2918 sive
1165 2851 1600 2940 interpretatio
1644 2855 1893 2922 insulae
1933 2854 2175 2923 Matoci
2218 2863 2529 2922 statuatur
2574 2853 2715 2920 sive
2754 2850 3001 2916 insulae
3044 2849 3445 2932 concharum,

510 2961 636 3026 ioci
692 2983 888 3027 causa
941 2985 980 3026 a
1037 2960 1390 3048 glossatore
1449 2986 1592 3031 esse
1649 2965 2075 3050 significatam
2128 2965 2401 3030 insulam
2444 2961 2690 3043 Rheni,
2746 2961 2815 3024 in
2868 2981 2995 3044 qua
3044 2959 3247 3026 codex
3300 2960 3447 3046 ipse

514 3079 692 3136 ortus
731 3071 963 3137 fuerit?
2632 3081 2637 3086 ’

676 3179 1060 3248 Monasterii
1103 3181 1434 3251 Scotorum
1464 3182 1951 3271 Honaugiensis
1994 3183 2324 3270 praesides
2354 3182 2737 3248 vetustiores
2765 3181 3007 3266 primus
3034 3179 3447 3262 Benedictus,

513 3300 910 3357 constructor
955 3293 1114 3373 eius,
1163 3294 1341 3359 cuius
1385 3293 1782 3360 hibernicum
1824 3315 2059 3360 nomen
2098 3293 2219 3358 fuit
2260 3291 2559 3356 Tubantes
2600 3289 2709 3375 (cf.
2751 3289 2880 3356 hib.
2910 3288 3056 3356 hod.
3088 3289 3295 3370 tubha,
3340 3311 3448 3356 ca-

513 3400 714 3466 lamus
731 3401 812 3484 1³),
859 3403 1178 3468 secundus
1225 3403 1528 3468 Dabanas
1568 3403 1728 3486 (hib.
1757 3403 2011 3485 Duba'n,
2056 3402 2367 3488 Nigellus,
2410 3403 2492 3469 ab
2534 3398 2658 3466 adi.
2694 3398 2871 3481 dub),
2914 3399 2984 3464 in
3028 3399 3263 3466 chartis
3308 3400 3449 3486 epi·

518 3511 698 3597 scopi
745 3511 934 3576 etiam
979 3513 1290 3596 dicuntur,
1334 3537 1464 3581 non
1505 3523 1720 3580 tamen
1763 3513 1873 3600 qui
1914 3512 2035 3578 hos
2080 3513 2283 3579 secuti
2328 3520 2495 3593 sunt,
2544 3509 2907 3598 Stephanus
2952 3519 3017 3576 et
3050 3508 3291 3576 Beatus
3334 3509 3449 3591 (ef.

517 3619 765 3688 Mabill.
833 3643 940 3708 pp.
971 3624 1074 3688 59.
1116 3622 1251 3707 60).
1336 3621 1622 3690 Fuerunt
1663 3646 1816 3689 sane
1859 3622 1925 3688 hi
1982 3622 2269 3710 episcopi
2312 3622 2453 3688 sine
2506 3619 2817 3702 dioecesi,
2880 3619 3151 3686 fortasse
3214 3619 3452 3705 gradus

515 3731 706 3817 paulo
749 3732 1006 3798 maioris
1051 3753 1238 3818 quam
1279 3733 1637 3820 presbyteri
1683 3756 1856 3800 more
1900 3732 2229 3799 hibernico
2275 3731 2388 3815 (cf.
2432 3729 2741 3797 Eckharti
2782 3728 2837 3794 F
2838 3751 3009 3796 ranc.
3042 3727 3153 3796 Or.
3188 3731 3243 3810 1,
3268 3727 3451 3814 273),

735 3891 916 3898 a—Q-—n-

651 3997 678 4026 ·
711 3996 977 4052 norimus
1009 3996 1210 4062 Scotus,
1253 3999 1342 4069 qui
1374 3999 1509 4053 vixit
1541 3997 1798 4063 Coloniae,
1835 3997 2030 4052 Fuldae
2064 4000 2119 4050 et
2150 3995 2455 4066 ungendae,
2489 3995 2557 4048 de
2589 4009 2645 4047 se
2676 3993 2793 4062 ipse
2824 3995 2955 4048 dicit
2986 3995 3043 4048 in
3076 3995 3321 4050 chronico
3352 4009 3455 4049 suo

515 4082 580 4134 ad
619 4098 665 4134 a.
701 4087 830 4137 1056
862 4083 1047 4146 (Pertz.
1075 4088 1121 4146 7,
1147 4087 1292 4150 558»
1353 4081 1484 4154 ‘Ego
1507 4085 1768 4138 Marianus
1803 4083 2193 4153 peregrinus
2226 4083 2396 4135 factus
2430 4095 2525 4150 pro
2546 4095 2705 4150 regno
2738 4077 2942 4132 caeleste
2964 4080 3185 4147 patriam
3218 4083 3455 4136 motuavi

514 4170 572 4220 et
605 4170 662 4220 in
699 4167 912 4222 Colonia
945 4169 1230 4222 monachus
1263 4167 1506 4223 effectus)
1597 4167 1665 4220 Et
1698 4167 1917 4236 scriptor
1948 4167 2141 4222 codicis
2174 4168 2291 4220 eius
2324 4167 2473 4230 (ibid.
2506 4183 2558 4235 p.
2588 4167 2737 4229 481):
2786 4163 2853 4216 isi
2882 4163 2991 4218 side
3030 4172 3175 4218 ocem
3208 4164 3331 4218 baa.
3366 4173 3453 4218 ta·

513 4269 678 4306 mesa
716 4253 932 4306 aalbain
963 4253 1021 4306 in
1053 4253 1525 4323 pereyrim'tate
1557 4268 1669 4305 mea
1703 4255 1803 4316 (est
1825 4252 1910 4304 hic
1944 4253 2145 4321 primus
2170 4266 2355 4314 annus,
2392 4255 2667 4321 postquam
2698 4251 2819 4304 veni
2840 4266 2906 4303 ex
2929 4250 3153 4305 Albania
3182 4253 3241 4306 in
3262 4267 3317 4320 p.
3338 4255 3452 4318 m.)‚

515 4337 647 4390 Cum
694 4341 840 4392 extra
873 4341 1142 4394 Scotorum
1189 4342 1476 4392 conventus
1510 4340 1567 4392 in
1601 4337 1820 4407 singulis
1853 4337 2161 4390 German-iae
2196 4337 2521 4390 monasteriis
2564 4337 2759 4406 singuli
2792 4335 2934 4389 Scoti
2968 4337 3123 4390 etiam
3156 4336 3455 4390 inveniren-

519 4427 618 4486 tur,
661 4439 778 4476 vere
813 4425 1098 4478 Gozbertus
1135 4425 1382 4478 diaconus
1415 4424 1545 4476 dicit
1579 4422 1764 4488 (Pertz.
1805 4428 1852 4486 2,
1879 4425 1988 4488 30)=
2033 4422 2224 4476 ‘Scotis
2258 4421 2577 4476 consuetudo
2612 4421 2973 4490 peregrinandi
3008 4437 3171 4490 paene
3202 4423 3259 4475 in
3292 4425 3453 4475 natu·

517 4525 627 4562 ram
663 4523 910 4564 conversa
943 4509 1050 4564 est*
1149 4511 1322 4579 Atque
1355 4509 1644 4562 larianum
1681 4508 1921 4561 abbatem
1956 4508 2383 4562 Ratisbonensem
2432 4507 2633 4560 ‘limina
2666 4507 3014 4576 apostolorum
3050 4505 3191 4560 Petri
3224 4509 3281 4559 et
3298 4505 3457 4562 Pauli

517 4595 722 4658 Romae,
759 4597 982 4664 gentis
1017 4611 1090 4649 su
1102 4610 1172 4647 ae
1217 4609 1412 4656 more,
1449 4593 1613 4646 visere
1647 4591 1963 4646 desiderasse
1982 4632 1996 4658 ,
2052 4597 2233 4646 auctor
2268 4591 2421 4645 Vitae
2456 4593 2569 4644 eius
2604 4592 2865 4645 Hibernus
2900 4597 3079 4645 narrat
3114 4591 3263 4652 (Bou.
3298 4592 3455 4648 Febr.

517 4686 564 4744 2,
593 4684 724 4744 366),
761 4687 814 4734 et
847 4682 1044 4735 socium
1079 4681 1192 4732 eius
1227 4679 1540 4732 Clementem
1575 4677 1943 4747 Hierosolymis
1980 4680 2147 4732 obisse
2180 4677 2349 4740 refert,
2387 4677 2649 4746 traditque
2682 4677 2819 4729 idem
2856 4677 2991 4730 hanc
3024 4677 3456 4745 peregrinationis

515 4781 682 4836 usque
734 4768 798 4820 ad
851 4765 1116 4820 Chioviam
1155 4764 1373 4818 Russiac
1419 4767 1579 4831 caput
1622 4763 1788 4816 sactae
1830 4765 2036 4818 saeculo
2080 4763 2384 4816 duodecimo
2426 4764 2641 4816 ineunte
2684 4761 3003 4815 historiolam
3046 4761 3189 4826 (ibid.
3225 4778 3278 4831 p.
3302 4765 3454 4823 tiam:

529 4851 660 4904 'rum
695 4852 902 4916 (abbate
936 4853 1151 4914 Domno)
1207 4851 1270 4904 de
1329 4849 1576 4902 fratribus
1611 4850 1907 4902 monasterii
1940 4845 2208 4902 Scotorum
2244 4848 2633 4902 Ratisbouensis
2667 4849 2749 4900 vir
2782 4848 3075 4902 industrius
3118 4851 3173 4899 et
3204 4847 3261 4900 in
3294 4847 3456 4902 rebus

516 4937 733 5005 agendis
768 4937 1169 5000 eruditissimus,
1205 4936 1409 4988 nomine
1439 4935 1735 4996 Mauricius,
1771 4935 1913 4987 solus
1946 4949 2063 4986 cum
2101 4935 2209 4987 solo
2244 4949 2403 5002 puero
2436 4933 2623 4986 comite
2656 4949 2752 5001 per
2774 4933 2925 4986 devia
2960 4931 3141 4986 mundi
3174 4931 3239 4984 ad
3276 4947 3455 5001 regem

519 5022 736 5074 Russise
770 5023 1074 5090 perveniens
1115 5021 1181 5072 ab
1215 5019 1390 5073 eodem
1427 5035 1542 5088 rege
1577 5035 1638 5071 ac
1673 5019 1997 5088 principibus
2030 5020 2176 5072 urbis
2212 5019 2497 5072 ditissimae
2530 5017 2689 5071 Chios
2732 5019 2795 5072 de
2840 5017 3017 5070 ferinis
3066 5017 3287 5084 pellibus
3335 5033 3457 5086 pre·

517 5106 664 5160 tiosis
697 5107 994 5159 valentibus
1028 5109 1236 5158 centum
1272 5119 1471 5158 marcas
1505 5104 1726 5172 recepit,
1765 5109 1923 5173 atque
1956 5103 2157 5158 easdem
2194 5104 2446 5157 vehiculis
2480 5104 2647 5156 ferens
2682 5117 2799 5156 cum
2836 5101 3239 5172 negotiatoribus
3276 5101 3457 5155 Ratis·

518 5191 702 5244 bonam
738 5189 954 5262 pacifice
988 5191 1239 5262 pervenit,
1274 5205 1338 5243 ex
1363 5205 1580 5261 quarum
1606 5191 1774 5260 pretio
1797 5189 2010 5245 claustri
2046 5187 2297 5254 aedificia,
2332 5192 2525 5244 tectum
2562 5203 2767 5260 quoque
2803 5187 3101 5244 monasterii
3120 5186 3317 5242 factum
3340 5186 3455 5242 est?
