3717 5642
585 343 711 408 934
756 344 895 408 (⁰10·
914 346 1039 409 9¹1)
1312 344 1427 413 VI.
1478 350 1531 413 1.
1606 365 2080 417 cossrnncno
2123 367 2326 415 vnum
2365 366 2780 417 emmor.

588 528 905 614 cuiquam,
954 530 1241 597 dedisset
1280 532 1361 597 ad
1407 534 1667 599 verbum
1713 534 1791 601 O.
1836 526 2010 621 regis
2053 534 2442 617 Hiberniae)
2471 538 2530 615 2,
2562 536 2704 599 240.
2777 558 2854 599 ac
2897 534 3182 599 nawnaei
3203 556 3336 621 wyr
3357 556 3494 620 ynys

578 631 849 715 gnydem
893 632 1191 717 ylluydeu
1244 655 1439 697 nzawr
1490 636 1697 720 kynny
1752 636 1912 721 yneb
1967 658 2196 721 namyn
2255 638 2352 701 idi
2402 638 2471 699 Izi
2527 635 2678 719 (nec
2732 636 3042 702 fecissent
3093 635 3218 699 viri
3269 636 3494 701 insulae

584 726 953 799 Britanniae
1014 734 1156 801 ‘vias
1225 758 1490 821 magnas
1544 737 1693 803 illas
1764 739 2064 824 cuiquam
2119 736 2250 802 nisi
2301 736 2424 819 illi,
2482 736 2761 821 mulieri)
2819 736 2885 817 3,
2935 736 3078 800 272.
3175 734 3302 801 Vel
3367 760 3492 823 pro-

586 830 867 899 miscuae
918 835 1327 903 inveniuntur
1382 837 1643 903 duorum
1698 848 2054 927 temporum
2109 838 2378 905 formae:
2443 838 2548 923 pei
2607 838 3324 924 asqorckymmynnamt
3375 860 3496 921 nys-

582 933 805 1016 9adwn
865 934 953 1019 (si
996 937 1063 1001 id
1105 937 1510 1021 mandasses,
1556 963 1687 1007 non
1732 940 2116 1008 dimisissem
2161 939 2334 1025 eum)
2379 942 2415 1004 2
2435 990 2454 1021 ,
2499 941 2601 1005 48.
2688 938 2930 1006 Contra
2971 938 3230 1003 cornice
3274 947 3339 1003 et
3379 962 3497 1003 are-

585 1033 821 1099 morice
862 1036 1097 1105 formas
1139 1040 1463 1125 praeteriti
1508 1043 1871 1109 secundarii
1923 1043 2216 1128 usurpari
2260 1062 2402 1107 cum
2446 1040 2916 1127 significatione
2969 1040 3330 1126 praesentis
3383 1042 3496 1125 (vel

585 1130 809 1220 futuri)
853 1142 1232 1224 secundarii,
1280 1143 1569 1230 exempla
1608 1144 1794 1228 plura
1836 1166 2029 1231 supra
2071 1142 2404 1231 proposita
2443 1143 2788 1208 ostendunt
2829 1140 2922 1227 (p.
2969 1141 3091 1205 526
3137 1139 3338 1227 sqq.).

754 1237 1117 1309 Infinitivus
1170 1243 1510 1311 britannici
1551 1246 1761 1327 verbi,
1821 1246 1989 1311 sicut
2029 1244 2369 1325 hibernici,
2417 1253 2704 1309 naturam
2759 1251 3075 1308 servatam
3131 1242 3499 1307 substantivi

585 1360 739 1423 prae
782 1362 853 1406 se
895 1342 1019 1407 fert
1056 1346 1428 1431 praemissis
1469 1345 1833 1433 frequenter
1873 1345 2476 1431 praepositionibus,
2523 1355 2595 1409 ut
2629 1344 2862 1431 φοράς),
2907 1343 3034 1423 loeb,
3077 1364 3193 1408 rac
3238 1353 3360 1408 etc.
3405 1343 3498 1427 (cf.

586 1463 693 1526 pp.
742 1444 884 1509 678.
945 1446 1089 1511 679.
1149 1447 1324 1533 688).
1412 1444 1581 1513 Cum
1636 1448 1829 1513 certis
1888 1446 2264 1533 quibusdam
2325 1444 2938 1533 praepositionibuS,
2993 1456 3066 1509 ut
3123 1445 3361 1510 cambr.
3409 1468 3497 1529 yn,

586 1564 760 1608 corn.
806 1567 923 1627 ow,
970 1569 1161 1613 arem.
1204 1570 1345 1629 ouz,
1388 1548 1745 1617 infinitivus
1789 1549 2194 1615 substituitur
2235 1570 2350 1634 pro
2407 1546 2745 1635 participio
2803 1545 3160 1632 praesentis
3219 1543 3334 1628 (cf.
3387 1544 3496 1609 hib.

586 1668 672 1725 oc,
718 1670 781 1732 p.
825 1648 1000 1733 924).
1090 1647 1293 1716 Cuius
1351 1672 1505 1717 usus
1548 1650 1902 1717 communis
1961 1648 2369 1715 dialectorum
2425 1647 2921 1715 britannicarum
2976 1646 3274 1733 exempla
3329 1668 3502 1733 supra

586 1746 754 1813 inter
796 1747 1029 1815 formas
1074 1751 1253 1817 verbi
1298 1752 1493 1817 allata
1534 1762 1683 1817 sunt
1724 1750 1817 1837 (p.
1869 1749 2045 1833 538).

750 1848 1055 1935 Inprimis
1100 1862 1315 1920 autem
1336 1854 1595 1941 propria
1639 1853 2136 1919 britannicarum
2181 1852 2594 1917 dialectorum
2637 1861 2739 1915 est
2779 1850 2890 1915 illa
2937 1850 3353 1930 constructio,
3397 1870 3502 1935 qus

586 1952 941 2019 infinitivus
996 1955 1177 2019 verbi
1227 1955 1393 2021 finiti
1444 1956 1590 2021 vice
1626 1954 1943 2040 fungitur,
1989 1978 2120 2021 non
2161 1956 2347 2021 modo
2401 1954 2570 2021 sicut
2609 1952 2982 2018 Latinorum
3026 1951 3384 2017 infinitivus
3423 1951 3501 2017 hi·

588 2056 862 2121 storicus
914 2076 1029 2139 per
1084 2077 1157 2121 se
1197 2056 1447 2142 positus
1502 2058 1792 2138 omissis,
1852 2077 2017 2142 quae
2059 2079 2255 2142 saepe
2310 2057 2653 2136 adduntur,
2709 2053 2927 2119 verbis
2983 2076 3174 2121 aot-uc
3235 2054 3340 2120 vel
3393 2078 3500 2119 aw-

588 2158 773 2221 naeth,
823 2155 1072 2241 (fecit),
1130 2157 1245 2223 sed
1299 2159 1495 2225 etiam
1547 2171 1618 2226 ut
1658 2160 1920 2225 verbum
1963 2160 2214 2224 finitum
2273 2170 2574 2244 sequatur
2617 2156 2970 2221 infinitivus
3029 2178 3171 2221 cum
3217 2157 3501 2223 coniunc-

586 2259 761 2325 tione
815 2259 1209 2345 copulativa:
1282 2284 1357 2326 ac
1410 2274 1651 2347 wynteu
1704 2284 1778 2325 ae
1815 2261 2244 2347 yomedassant
2285 2262 2612 2345 adywedut
2663 2258 2761 2342 (et
2811 2258 2910 2323 illi
2950 2258 3016 2322 id
3059 2268 3504 2324 recusaverunt

590 2369 654 2425 et
705 2354 1030 2444 dixerunt)
1092 2358 1267 2426 Mab.
1330 2365 1395 2443 1,
1452 2364 1596 2429 273.
1698 2362 1883 2445 Quae
1955 2362 2345 2427 constructio
2413 2362 2667 2427 cornice
2729 2361 2800 2424 in
2863 2360 3078 2445 legem
3127 2361 3265 2426 fere
3331 2361 3501 2427 abiit:

587 2483 731 2545 may
773 2462 910 2545 'jeth
950 2484 1085 2525 war
1128 2460 1239 2526 ben
1276 2485 1321 2549 y
1360 2464 1625 2551 3ewleyn
1666 2466 1749 2529 ha
1781 2486 1933 2549 pesy
1969 2486 2054 2547 yn
2100 2462 2355 2527 ketelma
2399 2460 2502 2544 (ut
2541 2464 2987 2547 procumberet
3029 2463 3098 2526 in
3127 2484 3344 2547 genua
3383 2484 3500 2537 sua,

592 2572 655 2629 et
724 2570 938 2629 oraret
988 2562 1115 2629 hoc
1170 2564 1391 2648 modo)
1434 2564 1506 2631 P.
1554 2568 1665 2647 54,
1731 2568 1791 2631 4.
1895 2563 2136 2630 Contra
2191 2565 2448 2629 inverso
2505 2564 2729 2630 ordine
2781 2566 2848 2628 in
2894 2564 3182 2630 oratione
3229 2564 3498 2650 obliqua:

590 2666 869 2750 ameneqi
907 2666 1111 2729 udum
1149 2677 1255 2730 not
1292 2688 1336 2751 y
1378 2667 1709 2731 hiarllaeth
1746 2688 1833 2751 yn
1876 2668 2070 2731 wedu.
2155 2691 2232 2731 ac
2274 2690 2356 2728 na
2400 2668 2528 2729 ellit
2565 2688 2608 2750 y
2653 2666 2919 2750 chynnal
2961 2678 3105 2751 ouyt
3148 2687 3183 2730 ο
3229 2666 3418 2730 naroli
3443 2688 3503 2729 ac

588 2787 785 2832 amen
826 2766 1251 2852 amilwryaeth
1292 2766 1389 2849 (et
1426 2777 1779 2835 monstrare
1808 2766 1913 2848 iis,
1961 2789 2106 2833 esse
2136 2766 2496 2831 comitatum
2527 2790 2708 2833 suum
2738 2766 3145 2831 indefensum
3173 2788 3298 2832 nec
3327 2788 3498 2852 posse

588 2866 837 2935 servari
874 2867 1007 2934 nisi
1050 2890 1214 2955 equo
1261 2878 1325 2933 et
1364 2868 1556 2936 armis
1602 2879 1665 2935 et
1706 2870 1942 2937 virtute
1986 2867 2246 2953 bellica)
2291 2867 2463 2935 Mab.
2514 2872 2571 2951 l,
2620 2870 2720 2933 20.
2765 2871 2866 2933 21.
2939 2896 2942 2898 “

1550 3277 1919 3385 CAPUT
1985 3276 2538 3353 ALTERUM.

1211 3486 1235 3501 ““
1290 3463 1409 3539 De
1461 3465 2002 3540 constructione
2057 3464 2406 3540 orationis
2457 3464 2806 3563 poeticae.
2931 3556 2936 3560 .

758 3662 1063 3749 Proprius
1117 3660 1372 3730 habitus
1396 3716 1401 3719 -
1426 3674 1615 3751 atque
1671 3674 1930 3733 ornatus
1985 3665 2292 3730 orationis
2351 3666 2668 3751 poeticae,
2739 3691 2863 3753 quo
2923 3668 3230 3733 distincta
3283 3666 3496 3733 recedit

592 3788 631 3831 a
674 3765 1087 3831 similitudine
1132 3766 1441 3832 sermonis
1487 3767 1807 3848 cotidiani,
1854 3768 2191 3833 admodum
2233 3769 2488 3833 varians
2520 3769 2691 3855 apud
2731 3770 2944 3834 varios
2989 3769 3291 3857 populos,
3337 3768 3493 3833 modo

588 3878 943 3953 temporum
995 3866 1241 3931 ratione
1295 3866 1583 3950 efficitur,
1642 3870 1826 3935 modo
1881 3871 2296 3957 congruentia
2349 3894 2676 3949 sonorum,
2729 3893 2870 3936 eum
2917 3870 3024 3935 alii
3069 3894 3194 3937 nec
3237 3870 3360 3935 hoc
3399 3890 3493 3933 nec

589 3969 701 4034 illo
756 3969 939 4033 modo
998 3968 1095 4032 usi
1154 3968 1309 4033 satis
1364 3968 1641 4035 habeant
1684 3994 1900 4055 parem
1945 3972 2330 4056 syllabarum
2373 3995 2698 4047 numerum
2761 3972 3052 4037 versibus
3107 3972 3406 4037 tribuisse
3445 3982 3494 4033 ut

590 4070 756 4151 Indi,
802 4080 912 4135 aut
940 4070 1395 4135 sententiarum
1427 4072 1737 4155 quandam
1770 4074 2299 4158 aequabilitatem,
2347 4074 2834 4159 parallelismum
2867 4096 3054 4158 quem
3087 4073 3328 4153 dicunt,
3371 4096 3494 4139 con·

592 4172 905 4238 struxisse
950 4178 1018 4235 ut
1060 4168 1364 4237 Hebraei.
1448 4172 1511 4235 A
1559 4171 1829 4241 Graecis
1877 4186 1942 4241 et
1981 4176 2230 4241 Latinis
2249 4227 2266 4257 ,
2312 4198 2578 4261 quorum
2624 4174 2906 4240 carmina
2946 4184 3168 4257 meti-0,
3213 4176 3382 4259 quod
3419 4174 3494 4237 di-

592 4284 777 4356 cunt,
846 4272 1249 4339 continentur
1302 4274 1405 4339 vel
1464 4285 1637 4341 certa
1686 4276 1934 4341 ratione
2003 4289 2068 4342 et
2119 4278 2342 4343 ordine
2403 4277 2792 4363 syllabarum
2833 4277 3167 4363 longarum
3223 4278 3330 4342 vel
3377 4278 3493 4340 bre-

591 4376 795 4456 vium,
851 4374 1149 4439 differunt
1202 4376 1496 4442 nationes
1551 4378 2083 4462 septentrionales
2129 4379 2456 4465 Europae,
2514 4400 2678 4464 quae
2733 4380 3056 4464 pertinent
3096 4380 3176 4444 ad
3221 4380 3492 4444 familiam

591 4474 1139 4563 indeuropaeam*,
1187 4470 1256 4541 ut
1298 4488 1520 4561 gentes
1566 4491 1629 4546 et
1672 4479 2133 4547 Germanorum
2179 4492 2242 4545 et
2285 4479 2604 4561 Celticae,
2663 4502 2926 4566 quarum
2982 4480 3264 4545 omnium
3319 4480 3493 4546 oratio

593 4578 846 4664 postica
910 4578 1255 4644 secundum
1320 4579 1387 4643 id
1443 4582 1611 4665 quod
1669 4583 2062 4668 exploratum
2131 4592 2230 4647 est
2283 4594 2409 4647 tam
2475 4584 2554 4647 de
2610 4581 3066 4661 Scandinavis,
3138 4580 3494 4657 Saxonibus,

596 4680 846 4765 Anglis,
890 4676 1243 4744 Baiovariis
1289 4701 1473 4765 quam
1520 4682 1599 4747 de
1628 4682 1939 4749 Hibernis
1983 4692 2048 4747 et
2085 4681 2378 4749 Cambris
2427 4685 2712 4765 vetustis,
2760 4705 3066 4749 sonorum
3105 4684 3496 4769 congruentis

594 4782 1015 4861 constituitur,
1060 4790 1193 4846 tum
1236 4780 1698 4870 principalium,
1744 4796 1881 4850 tum
1921 4784 2225 4849 finalium.

730 4970 752 4990 ⁶
786 4968 969 5021 Nescio
1014 4984 1081 5021 an
1130 4970 1268 5024 idem
1315 4984 1422 5021 mos
1465 4972 1536 5023 sit
1580 4971 1796 5025 aliorum
1834 4971 2140 5038 populorum
2177 4968 2408 5023 diversae
2449 4972 2671 5039 orginis,
2716 4974 2778 5023 ut
2821 4972 3189 5043 'fungusorum
3235 4972 3488 5026 secundum

593 5036 1481 5178 agfflsueprgfefigssabelentius
1526 5040 1583 5092 in
1628 5040 1968 5107 grammatica
2016 5038 2224 5091 dialecti
2273 5040 2383 5093 eius
2431 5040 2655 5093 nationis
2699 5038 2954 5104 (Elemsns
3001 5042 3066 5095 de
3113 5041 3164 5095 la
3219 5040 3488 5113 grammate
