3717 5642
616 419 692 488 V.
741 426 795 488 1.
860 441 1228 489 numum-10
1271 439 1562 492 eanum
1601 443 1690 490 m·
1731 439 2102 490 mammea
2144 439 2579 489 srmrmu.
2638 425 2777 489 (⁷47-
2803 425 2922 488 ⁷48)
2990 420 3113 488 785

372 606 418 676 S
459 608 690 693 gallica
730 610 1028 675 derivans
1077 615 1131 677 1.
1173 611 1472 678 thematis
1500 611 1848 676 terminalis
1892 611 2109 676 inesse
2150 609 2403 675 videtur
2443 609 2512 674 in
2538 607 2903 674 nominibus
2946 629 3116 673 com-

229 709 458 794 positis:
505 707 901 776 Civismarus
927 711 1018 796 (?)
1060 710 1200 777 Liv.
1275 713 1600 779 Atismara
1639 711 1937 799 Inscript.
1985 709 2183 778 Orell.
2214 711 2357 776 259.
2429 709 2921 778 Cartismandua
2960 709 3115 776 Tac.

230 809 560 875 Ratisbona
599 811 668 876 in
709 813 892 878 libris
935 813 1126 878 medii
1171 816 1336 880 aevi.

367 913 422 975 2.
507 911 830 999 Sequente
885 914 1092 980 vocali
1147 917 1490 982 terminali:
1559 917 1630 1000 a)
1697 915 2039 1000 singularis
2104 914 2186 980 ad
2238 913 2518 980 radicem
2591 916 2905 980 accedens
2970 922 3117 980 ante

219 1014 528 1078 flexionem
571 1015 675 1079 vel
720 1015 878 1082 alias
924 1017 1379 1083 derivationes:
1435 1007 1743 1090 Οὖόλσας
1786 1017 1997 1100 (sinus
2027 1015 2219 1096 Brit.;
2264 1043 2327 1069 ··-==
2355 1013 2673 1098 Volusa?)
2702 1013 2869 1081 Ptol.
2928 1013 3121 1082 Belsa

225 1114 437 1198 (patria
492 1136 656 1200 quae
697 1115 893 1182 Belsa
935 1117 1194 1198 dicitur3
1248 1119 1441 1204 vulgo
1496 1118 1561 1183 la
1604 1117 1877 1198 Bausso,
1932 1116 2111 1203 regio
2158 1115 2533 1197 Carnutum,
2591 1115 2669 1182 cf.
2714 1113 2958 1182 Belisia
2996 1119 3115 1184 sub

221 1213 319 1298 IS)
369 1213 524 1280 Boll.
571 1215 758 1281 Febr.
803 1219 860 1298 3,
905 1221 1044 1284 693.
1126 1217 1454 1286 Belsinum
1505 1219 1706 1305 (Gall.
1753 1219 2007 1302 merid.)
2064 1217 2209 1282 Itin.
2256 1218 2411 1282 Ant.
2492 1214 2959 1284 Belsonancum
3016 1218 3117 1303 (in

224 1317 367 1381 silva
403 1315 784 1402 Arduenna)
843 1317 1038 1404 Greg.
1085 1319 1231 1385 Tur.
1279 1323 1338 1396 8,
1381 1323 1482 1387 21.
1560 1319 1783 1387 Densa
1825 1320 2034 1404 (fem.)
2076 1319 2279 1384 Inscr.
2326 1316 2511 1385 Grut.
2554 1319 2697 1400 838,
2732 1321 2829 1383 14.
2905 1317 3115 1386 Densi

223 1416 294 1478 fil.
334 1415 510 1482 Grut.
557 1419 702 1498 807,
736 1423 794 1484 6.
879 1420 1184 1487 Deusone
1229 1423 1338 1506 (in
1379 1424 1642 1507 regione
1685 1423 2007 1502 Francor.‚
2053 1421 2198 1486 hod.
2243 1419 2485 1499 Deutz;
2540 1448 2609 1474 ==
2648 1417 2953 1501 Divisae,
2999 1419 3118 1485 Di-

229 1517 362 1595 visa,
403 1516 636 1584 Diviso
651 1521 712 1603 Ρ)
757 1520 1053 1589 Cassiod.
1088 1523 1304 1588 chron.
1336 1547 1438 1610 ap.
1469 1525 1760 1591 Roncall.
1793 1525 1850 1606 2,
1886 1525 2031 1590 222.
2086 1521 2365 1602 camsila,
2412 1521 2731 1604 camsilus,
2778 1521 3117 1589 camsellus

229 1639 256 1682 e
293 1621 476 1686 subst.
509 1622 766 1704 camisa,
813 1625 1079 1689 camisia
1121 1648 1221 1712 ap.
1254 1623 1458 1712 Cang.
1545 1625 1695 1690 Huc
1726 1627 2063 1711 pertinent,
2109 1625 2179 1688 in
2224 1623 2454 1710 quibus
2483 1645 2514 1686 ε
2558 1622 2856 1688 derivans
2900 1645 3046 1690 cum
3084 1645 3119 1690 o

226 1720 487 1787 thematis
546 1723 886 1790 coniuncta
945 1725 1145 1791 efficit
1199 1751 1270 1791 at:
1335 1732 1406 1791 in
1449 1727 1661 1790 Ali-vie
1704 1719 2017 1810 (‘saxosa'
2080 1725 2246 1791 Pict.
2304 1723 2513 1789 Nouv.
2568 1721 2751 1804 Ess.;
2805 1723 2935 1789 hib.
2990 1732 3116 1790 vet.

228 1824 331 1900 αι’ί,
367 1845 505 1908 gen.
551 1823 777 1909 ailech)
821 1825 1024 1892 Inscr.
1107 1828 1343 1892 Alexis
1385 1851 1442 1893 v.
1486 1829 1528 1891 l.
1574 1829 1743 1915 apud
1785 1829 1975 1896 Caes.
2053 1826 2327 1895 Senicco
2386 1823 2727 1893 Senixonis
2770 1825 2857 1890 fil.
2912 1825 3117 1892 Inscr.

227 1921 426 1989 Mu'rat.
489 1927 673 2008 1402,
705 1927 764 1990 5.
871 1927 1120 2009 Quibus
1161 1928 1428 1995 forsitan
1484 1929 1776 1995 addenda
1819 1929 1978 1995 sint:
2054 1929 2351 1993 Bonoxus
2393 1925 2597 1992 Inscr.
2642 1947 2779 1992 vae.
2822 1927 2954 2012 figl.
3014 1949 3117 2014 ap.

230 2023 397 2090 Stein.
457 2024 618 2091 Cod.
675 2027 865 2092 inser.
924 2052 1077 2094 rom.
1133 2029 1297 2094 Dan.
1357 2042 1420 2096 et
1460 2029 1670 2096 Rheni
1725 2033 1869 2096 207.
1952 2029 2301 2110 Andoxus,
2359 2026 2749 2108 Hannaxus,
2805 2025 3117 2112 OmbexO,

231 2121 520 2206 Bethaxis,
553 2125 898 2210 Bonnexis,
933 2130 1406 2212 Dunnohoxsis,
1441 2131 1810 2214 Ulohoxsis,
1834 2130 2168 2211 Ulohoxis,
2200 2127 2520 2210 Bihoxsis,
2552 2128 2681 2192 alia
2706 2127 2900 2194 allata
2926 2153 3123 2217 supra

230 2224 305 2309 (p.
327 2226 448 2309 47).
521 2226 820 2294 Ceterum
849 2253 990 2296 cum
1019 2255 1150 2296 non
1179 2232 1386 2298 solum
1415 2233 1732 2319 geminata
1757 2257 1814 2298 ss
1855 2243 1929 2298 ut
1966 2233 2036 2296 in
2064 2232 2427 2310 Andossus,
2472 2228 2587 2296 sed
2616 2230 2804 2296 etiam
2846 2229 3123 2317 simplex

228 2349 251 2387 ε
287 2349 386 2410 pro
413 2353 456 2390 ει·
499 2329 846 2396 substituta
888 2334 1274 2399 inveniatur:
1318 2338 1386 2398 in
1411 2335 1642 2400 Acisiia
1663 2335 1869 2402 Inscr.
1913 2333 2142 2398 Alesia
2164 2330 2353 2399 Caes.
2394 2365 2467 2378 --
2517 2329 2594 2394 cf.
2624 2331 2897 2395 Alisanu
2926 2332 3121 2416 (dat.)
3150 2401 3170 2424 0

229 2426 402 2493 Inscr.
471 2429 661 2496 Aliso
708 2430 1102 2520 (castellum)
1149 2435 1417 2520 Veget.2
1463 2473 1532 2483 —
1601 2435 1897 2503 Bonosus
1942 2433 2204 2521 Vopisc.
2249 2431 2516 2518 Eutrop.
2560 2425 2908 2513 (Βὸνωσος
2950 2433 3120 2520 apud

228 2527 546 2596 Paeanium
591 2533 1052 2619 paraphrasten
1093 2536 1306 2620 Eutr.)
1379 2535 1677 2604 Barbosis
1722 2537 1794 2622 (l.
1838 2537 1955 2621 c.),
2012 2537 2185 2602 haud
2228 2535 2363 2602 scio
2408 2556 2491 2599 an
2548 2556 2633 2600 ex
2671 2533 2803 2600 illis
2846 2556 3117 2621 quoque,

229 2653 372 2716 quae
406 2656 556 2698 mox
601 2648 964 2721 sequentur,
1012 2637 1318 2724 quaedam
1362 2638 1488 2704 hnc
1526 2638 1860 2705 referenda
1902 2639 2049 2704 sint.

370 2733 432 2817 b)
476 2733 641 2802 Cum
687 2733 1018 2803 vocalibus
1065 2738 1393 2825 correptis,
1441 2749 1752 2826 quatenus
1797 2762 1947 2805 vere
1985 2739 2115 2810 huc
2143 2737 2481 2827 pertinent,
2526 2759 2658 2802 non
2701 2736 2785 2802 ad
2826 2757 2883 2800 ss
2924 2737 3031 2803 vel
3056 2761 3119 2802 ω.

229 2833 375 2901 AS-:
417 2835 656 2916 Betasi,
689 2835 931 2903 Betasii
976 2839 1154 2927 (pop.
1189 2839 1389 2926 belg.)
1420 2839 1573 2905 Tac.
1605 2839 1772 2904 Plin.
1842 2839 2191 2908 Carcasum
2236 2837 2520 2922 (Volcar.
2552 2837 2923 2924 Tectosag.)
2950 2837 3119 2906 Plin.

231 2932 482 3002 Coranus
543 2938 744 3022 (nom.
792 2941 943 3025 viri)
997 2941 1199 3008 Inscr.
1263 2941 1496 3007 Murat.
1544 2943 1726 3022 1319,
1771 2945 1828 3008 1.
1908 2940 2237 3007 Audasius
2294 2939 2501 3006 Inscr.
2554 2939 2788 3006 Murat.
2840 2943 3019 3022 1585,
3058 2944 3119 3006 4.

230 3033 538 3103 Frontasia
579 3038 925 3106 Frontonis
955 3043 1042 3107 fil.
1087 3043 1291 3108 Inscr.
1341 3041 1516 3108 Grut.
1550 3045 1692 3125 741,
1725 3045 1784 3106 4.
1850 3041 2175 3108 Mercasia
2218 3039 2414 3124 (nom.
2444 3039 2623 3125 fem.)
2665 3040 2897 3107 Murat.
2936 3045 3117 3124 1353,

227 3141 276 3200 4.
339 3138 512 3206 locus
579 3142 690 3224 qui
745 3143 960 3226 prisco
1013 3145 1328 3210 vocabulo
1378 3154 1639 3231 propter
1706 3145 2021 3228 geminum
2078 3143 2341 3209 lacunar
2404 3142 2711 3226 gemellus
2763 3142 3124 3211 Mercasius

227 3242 701 3327 nuncupabatur,
749 3241 908 3308 Bou.
953 3247 1121 3333 Aug.
1153 3250 1212 3328 6,
1245 3247 1386 3312 582.
1456 3243 1728 3312 Ocrasia
1770 3245 1967 3330 (nom.
1996 3246 2164 3326 fem,
2210 3243 2291 3310 cf.
2323 3241 2629 3310 Ocresiae
2672 3247 2965 3332 captivae
3005 3269 3123 3312 no-

225 3365 378 3424 men,
430 3343 656 3408 matris
705 3342 914 3410 Servii
958 3345 1181 3429 Tullii,
1243 3371 1344 3434 ap.
1389 3347 1608 3412 Aurel.
1658 3343 1854 3428 vict„
1918 3358 1983 3412 et
2023 3345 2257 3412 montis
2303 3344 2505 3430 alpini
2548 3343 2720 3412 Ocra
2772 3369 2873 3433 ap.
2922 3347 3125 3432 Ptol.)

227 3441 431 3509 Mutat.
468 3447 653 3526 1424,
691 3447 784 3510 10.
875 3447 1040 3514 ES-:
1085 3450 1367 3516 Nemesa-
1405 3448 1554 3514 fluv.
1599 3449 1668 3512 in
1698 3448 2035 3514 Mosellam
2064 3446 2369 3531 influens)
2398 3447 2643 3512 Auson.
2674 3447 2929 3513 Mosell.
2997 3448 3123 3515 Ta-

225 3547 397 3612 mesis
441 3546 687 3631 (fluv.),
745 3547 808 3610 N
809 3550 1100 3615 ovesium
1143 3551 1254 3635 (al.
1297 3549 1649 3633 Nivisium)
1695 3549 1850 3616 Tab.
1894 3548 1969 3615 P.
2058 3548 2203 3616 IS-:
2264 3547 2510 3612 Anisus
2553 3546 2731 3630 (fluv.
2762 3548 2822 3612 N
2826 3550 3011 3632 oric.)
3054 3551 3124 3615 in

229 3647 540 3730 chronicis,
589 3648 868 3714 Anisola
909 3651 1176 3736 (amnis)
1219 3650 1380 3716 Boll.
1424 3651 1564 3715 Iun.
1599 3651 1657 3732 3,
1691 3651 1834 3732 355,
1878 3651 2228 3716 Anisiacns
2262 3646 2476 3733 (villa)
2505 3646 2663 3714 Bou.
2711 3645 2854 3714 Oct.
2891 3653 2947 3731 1,
2982 3651 3123 3716 162.

227 3747 442 3828 Seliso,
513 3747 750 3816 Diviso
806 3751 942 3835 (nn.
998 3751 1226 3836 locor.)
1281 3752 1428 3818 Itin.
1484 3753 1694 3816 Amm.
1777 3745 2079 3834 Παρίσοι
2136 3752 2323 3837 (pop.
2373 3746 2575 3830 Brit.)
2626 3746 2823 3831 Ptol.,
2888 3749 3125 3818 Parisii

226 3849 382 3936 (pop.
413 3848 617 3933 Gall.)
665 3848 854 3917 Caes.
918 3852 1170 3918 Albisia
1213 3851 1418 3937 (fem.)
1459 3852 1662 3918 Inscr.
1709 3852 1911 3920 Stein.
1954 3851 2097 3918 301.
2171 3849 2423 3929 belisia,
2468 3845 2694 3914 Bilisia
2733 3848 2886 3934 (loc.
2915 3847 3126 3938 Belg.)

225 3949 369 4016 Boll.
408 3951 526 4015 Iul.
565 3953 622 4030 3,
672 3952 772 4015 92.
819 3949 994 4038 Sept.
1041 3956 1099 4034 5,
1131 3955 1274 4020 596.
1307 3955 1450 4018 610.
1517 3951 1806 4019 Carisius
1851 3953 2046 4038 (nom.
2092 3952 2302 4039 figuli)
2344 3951 2414 4014 in
2456 3971 2593 4016 vas.
2636 3950 2769 4036 figl.
2836 3949 3125 4020 Cinisius

225 4074 386 4118 mons
427 4052 644 4136 (mons
689 4049 1012 4135 Cenisius,
1059 4052 1324 4119 Cinisus
1367 4077 1467 4140 ap.
1498 4052 1730 4134 Pertz.‚
1773 4053 1963 4120 Mont
2002 4051 2235 4138 Cenis3
2282 4053 2360 4119 cf.
2404 4072 2589 4117 mons
2634 4052 2745 4137 qui
2786 4053 2975 4120 Albis
3013 4076 3127 4120 vo-

226 4163 398 4234 catur,
441 4153 650 4238 Neug.
693 4156 748 4233 1,
783 4155 854 4234 5,
914 4175 992 4219 ac
1035 4153 1252 4221 Sentis
1293 4155 1446 4220 item
1487 4177 1718 4220 nomen
1759 4153 2029 4238 montis)
2070 4152 2123 4218 F
2126 4155 2340 4239 redeg.
2386 4175 2441 4218 c.
2478 4155 2618 4217 121.
2688 4150 3127 4235 τριμαρκισία

225 4253 394 4320 Paus.
431 4256 528 4336 10,
567 4254 665 4334 19,
704 4257 800 4318 11.
887 4254 1192 4323 Fortasse
1232 4257 1302 4321 in
1334 4255 1729 4323 derivatione
1770 4265 2069 4321 acervata
2094 4255 2421 4319 Alisontia
2448 4256 2717 4333 Auson.,
2762 4254 3128 4320 Alisincum

227 4353 353 4422 ltin.
378 4358 536 4421 Ant.
611 4353 753 4422 OS-
795 4355 1114 4422 interdum
1158 4357 1428 4423 alternat
1469 4377 1612 4422 cum
1661 4353 1828 4422 US-:
1875 4355 2089 4423 Urusa
2131 4355 2282 4440 (loc.
2327 4354 2615 4438 Vindel.)
2659 4352 2817 4418 Tab.
2860 4353 2935 4420 P.
3010 4355 3127 4424 Sa-

227 4454 346 4520 lusa
372 4456 580 4540 (fons)
611 4455 766 4520 Mel.
839 4459 1094 4523 Arcusa
1121 4458 1330 4542 (fem.)
1362 4457 1564 4523 Inscr.
1608 4455 1843 4522 Mun-at.
1882 4460 2060 4539 1295,
2092 4457 2151 4523 3.
2206 4455 2633 4522 Morimarusa
2672 4455 2796 4521 hoc
2838 4466 2937 4522 est
2962 4479 3127 4522 mor-

229 4567 376 4622 tuum
417 4581 596 4622 mare
647 4555 815 4622 Plin.
863 4562 924 4639 4,
963 4561 1060 4642 13,
1105 4563 1206 4624 27.
1273 4558 1496 4644 Epuso
1543 4557 1754 4643 (Belg.
1786 4559 2003 4644 prim.,
2050 4557 2368 4645 Eposium
2410 4567 2687 4623 castrum
2730 4555 2925 4644 Greg.
2973 4557 3125 4624 Tur.

228 4658 405 4742 8,15,
459 4660 530 4726 111
573 4661 724 4726 Act.
771 4658 890 4728 SS.
931 4659 1272 4743 Evusium,
1319 4660 1620 4739 Ivosium,
1667 4659 1813 4724 hod.
1857 4659 2071 4742 Ivois,
2127 4659 2329 4747 Ipsch
2372 4659 2663 4743 Trever.)
2706 4656 2905 4723 Notit.
2952 4658 3125 4744 dign.

230 4755 510 4844 Orusius,
563 4762 908 4828 Annusius
951 4762 1275 4849 Inscriptt.
1324 4758 1521 4827 Orell.
1553 4762 1698 4826 457.
1740 4763 1919 4826 1966.
1986 4760 2301 4828 Varusius
2344 4759 2547 4828 Stein.
2594 4761 2734 4824 790.
2802 4758 3127 4828 Venusius

229 4857 614 4948 (Britannus)
657 4862 810 4929 Tac.
845 4862 1050 4948 (Hist.
1080 4864 1140 4945 3,
1173 4863 1306 4947 45).
1370 4861 1753 4948 Bergusium
1796 4860 1953 4929 Tab.
1986 4863 2061 4928 P.
2129 4862 2458 4950 Sigusium
2500 4860 2697 4946 Greg.
2742 4859 2891 4926 Tur.
2930 4863 2991 4942 4,
3023 4862 3126 4927 45.

231 4959 504 5049 Segusio,
549 4965 946 5052 Segusione,
993 4963 1330 5049 Segusiavi
1369 4964 1536 5029 Plin.
1583 4963 1740 5030 Tab.
1785 4961 1860 5030 Ρ.
1907 4962 2095 5032 Caes.
2165 4963 2576 5031 Catusiacum
2617 4962 2766 5028 Itin.
2808 4963 2963 5026 Ant.
3046 4959 3131 5026 In

229 5059 306 5130 his
347 5093 388 5132 u
431 5069 690 5133 brevem
733 5081 963 5154 putare
1010 5068 1190 5148 licet3
1239 5076 1340 5133 est
1383 5067 1554 5132 enim
1583 5064 1814 5134 Volusi
1853 5063 2103 5133 Catullo
2134 5067 2215 5131 36
2260 5076 2325 5130 et
2350 5063 2639 5131 Iuvenali
2685 5065 2783 5146 15,
2818 5067 2849 5126 1
2898 5085 2935 5128 e
2961 5085 3129 5130 nom.

340 5187 526 5252 Znuss,
564 5204 717 5242 cam.
757 5203 963 5240 osana.
1033 5187 1130 5241 Eo.
1165 5187 1228 5241 11.
2658 5183 2728 5234 ⁶0
