3717 5642
591 391 718 456 926
761 391 901 456 (sss.
921 391 1044 456 90⁰)
1149 451 1152 454 .
1231 385 1346 458 VI.
1395 393 1450 455 1.
1521 403 1710 460 ormo·
1755 408 2343 462 oonsmnth‘noms
2388 413 2866 461 smrmmcu.

591 577 665 641 P.
713 578 1014 657 surrexit,
1068 575 1142 642 P.
1187 598 1436 643 sumere
1479 599 1710 664 equum
1764 583 1977 666 suum)
2037 585 2103 662 1,
2150 583 2294 648 244.
2352 583 2495 646 245.
2554 581 2699 646 246.
2782 581 3099 647 ceitkmce'b
3150 576 3306 646 wod
3352 579 3525 642 iden·

593 679 870 764 (septem
913 679 1030 744 filii
1072 689 1252 744 erant
1295 678 1387 763 ei)
1445 682 1512 760 1,
1559 683 1700 747 235.
1799 682 1923 749 Est
1976 692 2186 748 autem
2230 682 2391 748 haec
2434 683 2821 748 constructio
2876 685 3017 750 sine
3058 684 3253 750 dubio
3294 681 3526 746 eadem

595 780 825 846 solutio
859 780 1230 862 sententiae,
1277 803 1392 866 per
1422 803 1614 866 quam
1639 783 1708 848 in
1739 793 1992 849 vetusta
2017 785 2239 871 lingua
2265 785 2595 850 hibernica
2636 807 2763 850 vox
2790 784 3005 870 aliqua
3042 807 3191 850 cum
3234 782 3525 870 emphasi

594 882 972 969 proferenda
1013 907 1048 947 e
1088 883 1366 968 regulari
1431 884 1654 949 ordine
1713 907 1945 951 vocum
1991 887 2073 952 ad
2136 886 2391 951 initium
2443 886 2819 952 transfertur
2871 887 3067 952 verbo
3120 885 3525 952 substantivo

593 986 943 1071 praemisso
988 984 1090 1050 vel
1145 985 1284 1049 sine
1329 1007 1405 1049 eo
1453 987 1668 1070 posita
1713 988 2004 1053 absolute
2050 989 2188 1076 (pp.
2238 990 2379 1053 912.
2428 989 2605 1072 914).
2708 986 2989 1052 Invaluit
3036 986 3097 1052 is
3152 987 3307 1052 ordo
3348 1007 3524 1051 cam-

597 1088 770 1153 brice
813 1088 996 1166 adeo,
1047 1097 1116 1150 ut
1144 1087 1402 1173 saepius
1433 1086 1821 1170 adhibeatur,
1871 1090 2123 1170 etiamsi
2166 1090 2373 1156 minor
2416 1101 2517 1156 est
2544 1089 2863 1176 emphasis
2894 1088 3000 1154 vel
3026 1089 3221 1154 nulla.
3288 1091 3351 1153 A
3378 1088 3523 1172 lege

596 1189 912 1254 communi
955 1187 1452 1274 praemittendae
1495 1211 1536 1252 a
1579 1189 1648 1252 in
1691 1190 1812 1256 hac
1864 1191 2336 1258 constructione
2382 1193 2698 1278 excipitur
2740 1193 3003 1256 verbum
3056 1191 3523 1256 substantivum

594 1312 738 1357 cum
783 1289 1150 1376 compositis
1196 1291 1350 1370 suis,
1397 1299 1544 1356 ante
1587 1291 1758 1377 quod
1799 1293 1989 1357 modo
2030 1293 2216 1358 adest
2256 1293 2584 1378 particula,
2628 1293 2813 1358 modo
2857 1292 3065 1357 deest:
3108 1292 3333 1355 arthur
3371 1291 3526 1354 aoed

592 1392 971 1478 quaeruvhn
1029 1411 1266 1476 arwyec
1328 1397 1389 1472 l,
1437 1393 1559 1458 282
1575 1443 1590 1472 ,
1667 1394 1780 1458 sed
1841 1398 1870 1456 1
1890 1443 1907 1474 ‚
1974 1397 2035 1458 1:
2088 1416 2169 1478 yr
2220 1395 2651 1480 amberawdyr
2704 1394 2925 1458 &thur
2986 1395 3098 1457 cod
3142 1391 3525 1478 quaerllion

597 1515 846 1577 cao-wyse.
893 1492 1087 1558 Item:
1133 1495 1296 1556 drwe
1321 1516 1364 1577 9
1387 1493 1594 1578 pebyll
1635 1495 1789 1557 aoed
1825 1517 1914 1579 yn
1950 1508 2177 1579 aqoret.
2222 1495 2521 1562 achadeir
2560 1497 2755 1560 eur-eit
2792 1497 2905 1558 oed
2940 1515 3031 1580 yn
3071 1515 3221 1581 ‹19oe
3256 1517 3339 1580 yr
3364 1495 3527 1556 dnm

597 1597 812 1680 (porta
851 1595 1108 1660 tentorii
1153 1606 1290 1659 erat
1331 1603 1568 1680 aperta,
1627 1605 1692 1659 et
1748 1593 1911 1660 sella
1962 1617 2157 1662 aurea
2198 1607 2333 1662 erat
2372 1619 2573 1684 prope
2614 1596 2896 1682 portam)
2946 1600 3011 1678 l,
3058 1597 3207 1662 239.
3294 1599 3527 1675 efrawc

594 1698 748 1762 iarll
799 1697 972 1760 bioed
1023 1696 1315 1758 iarllaetlt
1363 1719 1408 1780 9
1455 1695 1672 1781 90ςίεά
1733 1694 1843 1778 (Ε.
1900 1717 2119 1764 comes
2174 1699 2547 1785 possidebat
2610 1701 2975 1765 comitatum
3038 1696 3526 1784 septentrionis)

605 1802 660 1878 1,
708 1799 850 1864 235.

769 1897 936 1966 Cum
991 1899 1214 1965 eadem
1268 1899 1584 1985 particula
1625 1923 1666 1962 a
1725 1907 1871 1964 ante
1929 1921 2208 1985 sequens
2265 1902 2528 1967 verbum
2580 1903 2777 1987 (quae
2847 1913 3070 1968 contra
3118 1903 3243 1987 yd,
3298 1922 3343 1986 9
3382 1923 3527 1986 pat-

597 2001 853 2066 ticulam
897 2000 1334 2067 affirmativam
1378 2000 1726 2066 absolutam
1773 2001 2047 2067 dicenda
2088 2012 2187 2068 est
2212 2002 2498 2085 relativa,
2543 2027 2605 2090 p.
2634 2004 2793 2088 420)
2832 2001 3260 2090 praemittitur
3300 2023 3529 2067 nomen

595 2103 942 2168 obiectum:
999 2102 1171 2166 Icarw
1224 2127 1266 2166 a
1315 2102 1512 2166 weles
1561 2124 1686 2187 9η9
1727 2102 1927 2186 forest
1970 2103 2257 2187 (cervum
2312 2105 2445 2169 vidi
2500 2105 2571 2169 in
2612 2104 2821 2189 silva)
2852 2105 2921 2186 2,
2979 2106 3035 2168 7.
3124 2127 3203 2170 ae
3256 2103 3452 2169 veo-ck
3490 2127 3527 2167 α

591 2227 635 2290 9
632 2205 869 2289 ymerth
907 2227 950 2289 9
991 2197 1340 2268 mciv-chamo
1383 2225 1460 2266 ar
1499 2203 1788 2287 meir-qlod
1829 2228 1872 2267 a
1909 2205 2228 2289 qyrchwys
2281 2208 2380 2291 (et
2438 2229 2669 2293 equum
2711 2229 2898 2272 suum
2938 2205 3173 2272 sumsit
3224 2228 3427 2293 eques
3470 2216 3531 2272 et

599 2316 843 2393 pratum
887 2305 1038 2392 petii
1053 2305 1110 2380 t)
1157 2309 1209 2386 1,
1255 2305 1397 2370 240.
1481 2303 1790 2368 Eiusdem
1833 2306 2087 2390 generis
2133 2315 2233 2372 est
2268 2308 2786 2394 frequentissima
2833 2308 3223 2374 narrationis
3264 2307 3533 2374 formula

597 2408 724 2489 illa,
773 2417 842 2472 ut
885 2415 1033 2494 post
1075 2407 1457 2471 infinitivum
1503 2417 1848 2491 sequantur
1891 2409 2086 2474 verba
2128 2409 2462 2475 auxiliaria
2504 2411 2717 2476 activa
2753 2431 3085 2496 qoruqum,
3137 2410 3531 2495 ywneutlwm

598 2509 770 2595 (feci,
817 2506 1112 2596 perfeci):
1169 2509 1428 2594 ‹zo-hysen
1471 2529 1662 2572 aoruc
1699 2529 1779 2592 yr
1821 2510 2266 2597 amberawdyr.
2355 2515 2589 2598 aqot‘yn
2630 2533 2819 2576 aon-uc
2858 2511 3059 2597 kynon
3117 2510 3219 2595 (ot
3258 2510 3533 2576 dormire

599 2610 814 2695 coepit
853 2610 1212 2697 imperator,
1256 2620 1320 2674 et
1363 2631 1664 2696 quaerere
1709 2611 1925 2695 coepit
1954 2609 2063 2692 G.)
2108 2615 2157 2692 1,
2207 2615 2265 2678 2.
2350 2613 2625 2679 adnabat
2664 2615 2943 2678 awnaoeh
2966 2637 3011 2696 9
3035 2635 3171 2698 9201·
3214 2611 3532 2695 (animad-

599 2723 846 2778 vertere
893 2712 1107 2798 coepit
1147 2711 1276 2796 vir)
1313 2715 1368 2790 1,
1398 2712 1467 2791 63
1513 2732 1676 2796 quae
1721 2721 1941 2777 essent
1982 2715 2329 2780 secundum
2374 2737 2769 2782 communem
2812 2715 3169 2781 sententiae
3210 2715 3531 2780 ordinem:

597 2837 642 2900 9
679 2815 944 2900 Ιε9εσω9ε
981 2837 1062 2899 97·
1105 2813 1552 2897 mmmmm,
1595 2836 1638 2898 9
1677 2813 1997 2898 qofynwys
2038 2815 2255 2900 leym.
2930 2902 2933 2904 Ὗ

493 2913 498 2916 ’
772 2917 833 2982 N
836 2938 871 2982 e
925 2916 1184 2982 alteram
1239 2914 1494 3002 quidem
1545 2913 1723 2980 illam
1778 2918 2317 2984 constructionem
2374 2919 2823 3005 emphaticam,
2884 2931 2953 2984 ut
2991 2919 3425 3006 praemissum
3468 2915 3537 2980 in

607 3019 919 3106 principio
975 3019 1328 3083 sententiae
1386 3016 1849 3082 substantivum
1906 3017 2181 3102 positum
2238 3021 2528 3086 absolute
2590 3032 2821 3108 postea
2876 3020 3237 3108 excipiatur
3298 3033 3535 3107 prono-

601 3122 774 3186 mine
816 3119 1156 3206 personali,
1205 3120 1474 3185 alienam
1519 3141 1664 3184 esse
1711 3141 1750 3184 a
1793 3119 2085 3185 dialectis
2128 3120 2503 3189 britannicis
2548 3123 2965 3210 comprobant
3002 3122 3165 3188 haec
3206 3121 3532 3206 exempla:

601 3225 880 3287 madawc
931 3222 1053 3287 aab
1105 3222 1410 3284 maredud
1465 3224 1618 3287 aoed
1667 3221 1836 3284 idaw
1884 3243 2092 3306 powys
2137 3245 2264 3309 9η9
2316 3225 2654 3309 ther-teyneu
2718 3223 3009 3308 (Matoco
3070 3223 3207 3290 filio
3258 3222 3353 3288 M.
3398 3233 3539 3287 erat

605 3324 886 3390 Powisia
925 3325 1094 3388 intra
1137 3323 1300 3388 fines
1345 3345 1526 3402 suos3
1583 3323 1665 3388 ad
1719 3323 2013 3387 verbum:
2086 3322 2382 3390 Matocus
2424 3325 2594 3392 filius
2636 3323 2756 3406 M„
2814 3337 2952 3390 erat
2992 3327 3054 3390 ei
3098 3323 3419 3407 Powisia)
3470 3331 3533 3404 2,

602 3429 744 3490 371.
812 3447 892 3510 9ν
928 3427 1232 3510 y-mdidan
1268 3447 1459 3513 qoreu
1487 3450 1528 3490 α
1555 3446 1792 3510 wypom
1833 3427 2063 3488 ninneu
2102 3428 2177 3489 ni
2204 3447 2279 3490 ae
2320 3429 2630 3512 dywedwn
2656 3430 2759 3492 itti
2784 3426 2899 3511 (ad
2926 3429 3219 3494 verbum:
3250 3427 3536 3492 narratio

605 3530 842 3614 optima
885 3550 1070 3614 quam
1115 3527 1390 3592 sciemus
1433 3549 1570 3606 nos,
1619 3549 1739 3592 nos
1783 3549 1925 3592 eam
1968 3527 2363 3593 narrabimus
2404 3529 2558 3613 tibi)
2606 3531 2658 3609 l,
2705 3529 2773 3609 ‘23
2818 3529 2925 3594 vel
2967 3548 3109 3593 cum
3152 3527 3535 3614 negatione:

606 3633 750 3715 astes
792 3652 904 3715 π9ε
943 3630 1174 3715 9=wnaf
1199 3632 1386 3693 inneu
1429 3629 1959 3712 (incommodum,
2004 3651 2133 3694 non
2186 3627 2415 3694 faciam
2456 3630 2525 3693 id
2568 3629 2895 3715 equidem)
2942 3633 2974 3694 l
2996 3679 3013 3710 ,
3070 3630 3213 3695 256.
3306 3630 3439 3692 dim
3468 3649 3539 3690 oc

605 3734 772 3799 awclz
817 3734 902 3798 da
943 3755 1056 3816 π9ε
1096 3731 1376 3815 mynnaf
1415 3729 1790 3816 (quidquam
1833 3751 1870 3794 e
1913 3731 2145 3796 vestris
2192 3731 2407 3812 bonis,
2454 3731 2605 3796 nolo
2648 3730 2745 3812 id)
2795 3734 2824 3794 1
2847 3781 2863 3812 ‚
2908 3731 3064 3812 2723
3108 3732 3263 3796 item
3310 3753 3539 3796 arem.

605 3859 692 3899 aa
729 3857 799 3899 re
839 3857 989 3898 man
1031 3834 1132 3897 list
1169 3854 1213 3918 9
1255 3833 1341 3897 da
1383 3833 1571 3896 diano
1613 3829 1710 3915 (hi
1750 3829 2059 3912 homine,
2106 3832 2297 3898 sinite
2338 3854 2451 3898 eos
2496 3833 2670 3899 abire
2712 3832 3099 3915 incolumes)
3141 3831 3283 3898 MJ.
3332 3831 3411 3897 73
3424 3855 3487 3897 a.

773 3934 957 4000 d.1n
1002 3936 1320 4001 sententia
1365 3933 1602 4019 duplici
1648 3932 1752 3997 vel
1795 3931 2131 4018 multiplici
2174 3936 2563 4020 singularum
2606 3932 2881 4019 partium
2908 3933 3248 4018 principia,
3296 3936 3357 4000 si
3388 3955 3543 4018 par-

601 4038 935 4104 ticularum
979 4035 1290 4103 rationem
1331 4057 1462 4100 non
1503 4033 1776 4114 habeas,
1837 4035 2063 4100 eodem
2116 4037 2303 4101 modo
2356 4045 2780 4122 occupantur,
2828 4056 2955 4119 quo
3002 4056 3197 4120 supra
3237 4033 3541 4099 traditum

605 4149 738 4205 est.
783 4139 890 4200 val
927 4161 970 4221 9
1008 4137 1246 4223 ρωείεὼ
1288 4136 1444 4221 (leg.
1483 4135 1736 4221 qwelas)
1775 4157 1818 4220 9
1856 4157 1994 4221 qwr
2030 4137 2381 4222 qunlbwyt
2410 4138 2680 4221 per-edm·
2718 4157 2805 4220 yn
2848 4137 3039 4221 dyuot
3074 4135 3313 4220 kynodi
3349 4155 3545 4198 aon-uc

608 4253 672 4304 tu
714 4263 794 4304 αι·
832 4259 989 4323 qacr
1040 4236 1340 4321 (simulac
1391 4237 1490 4302 vir
1533 4259 1730 4302 canus
1775 4237 1941 4302 vidit
1996 4235 2067 4300 P.
2113 4236 2507 4317 venientem,
2567 4258 2827 4322 surgere
2872 4235 3087 4320 coepit
3130 4236 3213 4300 ad
3259 4246 3543 4302 casu-um

609 4339 863 4424 versus)
899 4342 958 4419 1,
991 4341 1134 4403 245.
1208 4338 1523 4425 adrytlzyll
1565 4339 1772 4402 oedwn
1815 4361 1853 4401 a
1898 4360 2097 4401 ”lawr
2138 4339 2250 4400 oed
2288 4359 2367 4423 υ9
2410 4341 2583 4423 vyvio
2623 4339 2866 4423 (alacer
2908 4359 3096 4417 cram,
3142 4349 3211 4402 et
3236 4337 3545 4424 superbia

609 4463 750 4506 mea
779 4450 916 4506 erat
944 4439 1204 4526 magna)
1240 4444 1294 4520 1,
1326 4440 1384 4504 2.
1462 4441 1712 4524 aqwedy
1736 4461 1780 4523 9
1809 4437 1979 4521 heym
2006 4439 2179 4500 uedu
2166 4460 2248 4522 9
2276 4439 2454 4501 deaei
2475 4461 2521 4523 9
2546 4440 2725 4523 Ισ9ε1ιυ·
2728 4440 2827 4501 eal
2856 4437 2993 4502 bt'eu-
3018 4437 3183 4523 91198
3224 4440 3405 4502 kann.
3468 4463 3545 4501 ac

603 4567 648 4627 9
689 4543 881 4608 lladei
921 4565 1006 4606 aa
1044 4561 1220 4627 ywyr
1261 4541 1360 4605 oll.
1406 4563 1481 4604 ac
1518 4561 1561 4624 9
1606 4542 1788 4624 dyqei
1826 4561 1911 4601 an
1953 4538 2177 4602 meir-ch
2218 4541 2447 4602 nimwu
2491 4563 2567 4604 ac
2608 4563 2691 4604 an
2734 4539 2917 4604 dillat
2945 4538 3043 4623 (et
3074 4561 3223 4606 cum
3250 4559 3541 4606 essemus

607 4655 824 4708 mente
877 4651 1133 4726 captae,
1201 4642 1378 4706 venit
1432 4642 1702 4707 daemon
1755 4640 2096 4725 possidens
2156 4650 2430 4704 castrum
2482 4639 2634 4722 hoc,
2692 4651 2759 4708 et
2798 4663 3020 4707 omnes
3062 4642 3239 4708 viros
3278 4651 3541 4706 nostros

609 4743 864 4824 occidit,
911 4755 976 4807 et
1019 4764 1218 4829 equos
1261 4752 1516 4809 nostros
1561 4753 1628 4806 et
1675 4750 1891 4806 vestes
1937 4741 2227 4824 abstulit)
2277 4744 2342 4821 1,
2390 4742 2490 4807 36.
2576 4743 2837 4828 ahyspye
2889 4744 3001 4807 oed
3047 4765 3181 4828 yan
3219 4744 3408 4807 owet'n
3454 4766 3538 4803 na

606 4845 804 4909 welsei
843 4845 920 4928 es
958 4847 1180 4929 eiryoet
1229 4846 1453 4930 qwreie
1492 4844 1736 4928 kymryt
1785 4843 1896 4905 ala·
1926 4892 1940 4904 .
1974 4892 1988 4904 .
2025 4893 2036 4905 .
2071 4843 2319 4924 aphann
2361 4843 2543 4907 welcw
2584 4845 2658 4927 ef
2695 4847 2920 4929 ywreic
2971 4865 3215 4929 mnynu
3256 4845 3535 4907 amaeelu

607 4969 676 5009 oe
718 4947 974 5030 char-yut
996 4967 1124 5032 9π9
1151 4947 1264 5009 oed
1298 4947 1566 5032 qfflawn
1601 4945 1722 5029 pob
1767 4945 1842 5007 lle
1880 4945 2107 5028 yndaw
2138 4943 2234 5026 (et
2264 4965 2637 5030 persuasum
2668 4956 2807 5010 erat
2836 4943 3083 5012 Oweno
3110 4965 3435 5029 nunquam
3466 4967 3536 5009 se

613 5045 855 5111 vidisse
902 5047 1222 5112 mulierem
1267 5067 1468 5132 aeque
1515 5057 1842 5112 venustam
1890 5057 2079 5130 atque
2124 5067 2281 5126 eam,
2330 5056 2395 5110 et
2438 5069 2579 5111 cum
2609 5047 2882 5114 vidisset
2906 5047 3257 5124 mulierem,
3302 5066 3537 5111 accen-

613 5169 728 5212 sus
775 5157 878 5212 est
939 5149 1073 5214 eius
1127 5171 1372 5232 amore,
1431 5149 1636 5214 donec
1679 5159 1854 5214 esset
1906 5149 2135 5232 plenus
2194 5148 2330 5214 eius
2374 5151 2546 5214 omni
2588 5149 2764 5234 loco)
2823 5153 2890 5232 1,
2954 5152 3053 5214 17.
3100 5215 3115 5229 ,
3138 5146 3541 5229 Quibuscum
