3717 5642
853 406 972 474 IV.
1014 409 1074 472 4.
1141 423 1568 474 rma-reuma
1609 423 1999 473 nonnus
2040 423 2470 472 mammem.
2650 409 2791 472 (¹100·
2815 411 2933 472 ⁷01)
2997 407 3121 474 '189

307 621 310 626 ·
371 591 644 662 EGUIT
673 593 766 680 (p.
799 593 956 677 690)
1001 602 1308 679 sequente
1335 613 1475 658 maz
1513 593 1790 660 reddens
1833 593 1942 661 lat.
1973 603 2071 660 ut:
2127 594 2447 680 equitmaz
2488 593 2617 680 day
2654 595 2853 677 denas
2881 597 3119 681 equiem

347 703 552 782 deomp
593 718 668 760 en
709 697 852 761 kent
894 696 996 781 (ut
1034 695 1255 762 redeat
1295 695 1356 762 ei
1387 695 1798 778 conscientia,
1843 696 2180 781 abeamus)
2222 695 2385 762 Buh.
2417 697 2517 778 58,
2554 698 2609 760 7.
2678 717 2775 760 me
2814 696 2989 784 bem‘q
3034 699 3118 762 da

218 805 370 866 dreia
424 801 571 887 [leg.
621 797 819 883 drem]
881 821 920 862 a
967 797 1218 862 &eman
1271 797 1398 860 enit
1447 818 1586 860 maz
1623 798 1790 884 quiza·
1833 807 1993 884 qaut
2043 799 2274 884 dipoan
2332 797 2675 882 (benedico
2726 797 2917 864 faciei
2968 807 3118 865 tuae

217 925 395 982 nunc,
447 911 518 966 at
559 900 784 966 videas
830 899 969 965 sine
1015 897 1418 980 difficultate)
1467 899 1606 979 124,
1655 901 1750 965 13.
1845 898 2091 966 Eadem
2144 908 2451 986 sequente
2494 899 2867 986 negationez
2940 911 3121 988 eyuyt

217 1027 311 1066 nen
345 1025 496 1090 year
550 1000 654 1084 (ut
695 1000 764 1066 id
805 1000 1085 1084 nesciat)
1129 999 1266 1066 MJ.
1303 1001 1379 1062 16
1393 1021 1460 1078 a;
1531 1000 1645 1065 sed
1690 999 1910 1066 etiam:
1980 1013 2163 1088 equyt
2214 1023 2333 1066 naz
2375 1024 2495 1066 eux
2534 1013 2675 1086 quet
2718 1001 2959 1067 dolclzet
2992 1025 3120 1088 pm·

216 1127 282 1164 an
319 1104 450 1166 kent
487 1103 674 1189 (quia
715 1125 842 1168 non
885 1102 1153 1168 tenuisti
1197 1123 1370 1167 mere
1411 1102 1614 1187 viam)
1657 1103 1812 1168 67⁸.

359 1203 658 1286 QUENT
705 1205 914 1290 (ante)
959 1215 1270 1291 sequente
1311 1203 1444 1269 fere
1487 1203 1802 1290 particula
1841 1227 2000 1287 maz,
2046 1203 2357 1270 interdum
2402 1203 2645 1270 verbali
2688 1225 2787 1269 ez:
2832 1218 3016 1289 quent
3054 1228 3115 1268 ez
3240 1175 3251 1186 ⁰

215 1329 346 1370 cano
369 1355 382 1368 .
409 1357 422 1372 .
446 1331 528 1370 an
572 1327 682 1390 σος
725 1318 858 1391 teyr
893 1329 1042 1392 que:
1089 1306 1491 1392 (priusquam
1534 1316 1722 1372 canat
1763 1305 1970 1392 gallus
2002 1306 2128 1390 ter)
2160 1305 2293 1371 ΜΕ.
2328 1307 2411 1370 63
2424 1329 2481 1370 a.
2538 1319 2725 1391 quent
2768 1329 2831 1372 ez
2861 1319 3115 1370 tremen-

218 1409 300 1470 Ieet
337 1406 700 1493 (antequam
747 1406 1191 1494 praetereatis)
1251 1409 1362 1471 131
1383 1431 1438 1472 a.
1504 1420 1692 1492 quent
1732 1429 1796 1471 ez
1840 1409 1970 1472 elaet
2012 1408 2383 1492 (antequam
2429 1407 2622 1492 eatis)
2681 1407 2874 1474 2102
2937 1421 3117 1492 quent

219 1531 272 1573 e:
303 1531 560 1595 qraeenn
599 1510 756 1595 ylan
797 1533 882 1573 an
909 1531 1016 1573 cas
1059 1531 1152 1572 em
1193 1509 1518 1572 avertisset-9
1559 1531 1644 1574 an
1687 1511 1806 1574 dra
1833 1533 1897 1574 ee
1939 1509 2341 1597 (priusquam
2386 1509 2684 1575 fecissem
2728 1508 2985 1574 omnino
3026 1509 3119 1575 fa-

219 1611 394 1690 cinus,
438 1633 536 1676 me
581 1613 911 1677 certiorem
953 1611 1106 1678 fecit
1145 1611 1224 1678 de
1269 1633 1349 1676 ea
1387 1610 1486 1693 re)
1537 1613 1652 1676 197
1671 1612 1731 1678 b.
1805 1614 1949 1676 mit
1998 1633 2031 1676 e
2084 1610 2467 1697 danuiblyen
2522 1635 2563 1674 a
2614 1611 2861 1698 yolo-hae
2920 1623 3118 1676 cer-ten

217 1725 376 1795 quent
425 1735 528 1778 ma
571 1713 648 1776 Ιιο
681 1734 916 1798 prenae
966 1713 1198 1799 (pedes
1243 1712 1700 1798 discipulorum
1743 1735 1999 1780 suorum
2055 1713 2215 1778 lavit
2267 1723 2439 1779 certo
2482 1720 2819 1799 antequam
2864 1735 2975 1778 eos
3018 1735 3117 1778 re-

220 1811 419 1895 demit)
465 1814 616 1878 19b.
671 1825 860 1898 quent
897 1836 1036 1878 maz
1077 1817 1398 1878 ministren
1443 1813 1818 1900 (antequam
1844 1814 2229 1898 ministrem)
2258 1813 2419 1879 Buh.
2454 1814 2554 1896 20,
2592 1815 2689 1879 17.
2753 1825 2941 1900 quent
2980 1837 3117 1878 maz

221 1925 408 1997 qamet
439 1917 656 1999 parfet
695 1917 848 1980 aedo
901 1916 1272 2003 (antequam
1313 1924 1504 1982 natus
1549 1926 1759 1999 esset,
1815 1917 2165 2002 perfectum
2208 1915 2373 1999 erat)
2418 1916 2563 1998 190,
2608 1919 2667 1982 7.
2754 1915 3120 1982 Praemissa

217 2017 666 2102 praepositione
709 2019 821 2082 da:
887 2019 972 2082 da
1013 2030 1200 2102 quent
1239 2040 1378 2082 maz
1419 2038 1658 2083 mame
1700 2019 2069 2104 (antequam
2112 2016 2489 2102 moreretur)
2532 2015 2667 2082 MJ.
2701 2019 2783 2082 64
2796 2041 2852 2084 a.

359 2117 542 2185 OAR
611 2141 756 2184 cum
811 2119 1125 2206 particula
1177 2119 1422 2186 verbali
1477 2119 1546 2184 in
1585 2119 1710 2184 hoc
1757 2120 2081 2206 exemplo:
2152 2141 2267 2185 oar
2329 2141 2393 2184 ez
2446 2120 2643 2184 vezint
2692 2141 2811 2206 yae
2868 2121 3119 2184 soudaet

219 2219 558 2300 (dummodo
599 2222 760 2286 fiant
801 2221 952 2286 laeti
999 2222 1354 2307 stipendio)
1397 2221 1532 2288 MJ.
1569 2222 1690 2288 168
1703 2223 1763 2289 b.

361 2322 642 2390 Tandem
685 2323 812 2389 huc
856 2323 1132 2410 pertinet
1175 2323 1567 2408 praepositio
1610 2322 1949 2389 nominalis
1994 2319 2355 2386 HERVEZ
2403 2321 2851 2407 (secundum):
2909 2323 3119 2386 bewe:

223 2445 274 2484 eo
311 2437 530 2489 resonet
573 2449 650 2490 az
697 2425 878 2489 buhe:
925 2426 1126 2510 (sicut
1169 2437 1270 2490 est
1309 2425 1701 2512 divulgatum
1747 2427 1826 2492 de
1857 2425 1989 2491 vita
2030 2422 2169 2507 tua)
2210 2421 2345 2490 MJ.
2383 2425 2499 2489 121
2522 2426 2581 2490 b.
2648 2425 2857 2488 laet-ve:
2898 2445 3003 2486 ma
3045 2445 3118 2486 en

219 2525 420 2589 decena:
459 2527 706 2590 dellezet
745 2526 948 2609 (sicut
985 2527 1054 2592 id
1095 2527 1355 2611 meruit)
1401 2529 1526 2594 216
1542 2551 1600 2592 a.

1403 2849 1909 2864 ——-————-

1201 3123 1529 3208 CAPUT
1578 3118 2106 3215 QUARTUM.

349 3309 464 3388 De
513 3311 890 3411 particulis
941 3311 1280 3410 negandi,
1337 3309 1852 3410 interrogandi,
1906 3306 2416 3408 respondendi,
2466 3305 2942 3380 exclamandi.

1033 3613 1092 3688 I.
1160 3611 1683 3690 Particulae
1732 3613 2287 3688 hibernicae.

1350 3815 1433 3882 A.
1519 3814 1955 3902 Negantes.

361 3952 520 4019 Tam
563 3951 824 4036 negatio
868 3971 1042 4016 mera
1082 3971 1270 4036 quam
1321 3949 1634 4036 particula
1675 3949 2075 4016 dehortativa
2112 3947 2219 4014 vel
2258 3946 2666 4034 prohibitiva,
2710 3954 2901 4032 prout
2940 3945 3119 4011 inve-

223 4051 370 4117 nitur
411 4062 524 4119 aut
565 4052 636 4118 in
667 4051 986 4118 sententia
1025 4061 1203 4117 recta
1242 4050 1350 4116 vel
1393 4051 1686 4117 absoluta
1722 4061 1834 4118 aut
1873 4051 1942 4115 in
1982 4051 2251 4117 relativa
2290 4049 2397 4116 vel
2426 4049 2785 4128 subiuncta,
2828 4045 3123 4133 propriae

219 4153 518 4240 principio
561 4153 684 4219 fuit
723 4155 963 4219 formae
1003 4152 1072 4216 in
1113 4151 1350 4238 linguis
1395 4153 1674 4234 celticis,
1721 4174 1887 4239 quae
1928 4175 2057 4218 non
2102 4152 2303 4218 solum
2350 4149 2723 4236 simpliciter
2764 4149 2948 4234 poni,
3005 4147 3124 4214 sed

219 4253 379 4318 etiam
425 4253 740 4340 duplicari
799 4265 864 4320 et
901 4253 1310 4338 multiplicari
1353 4261 1586 4340 potest.
1688 4255 1784 4318 Ad
1839 4253 2247 4340 negationem
2304 4251 2563 4338 saepius
2620 4249 2934 4316 accedunt
2976 4272 3121 4336 pro-

219 4357 444 4422 nomina
486 4356 800 4442 quaedam
842 4354 948 4422 vel
991 4356 1397 4423 substantiva
1433 4355 1917 4442 pronominalia.

363 4461 414 4522 1.
491 4457 554 4521 N
557 4457 876 4542 egationis
933 4479 1148 4522 merae
1203 4457 1536 4522 absolutae
1588 4457 1790 4522 forma
1841 4457 2176 4524 hibernica
2222 4463 2475 4521 vetusta
2520 4461 2621 4518 est
2672 4449 2771 4515 NI
2826 4449 3121 4535 (saepius

221 4569 454 4622 accentu
495 4568 722 4624 notata
745 4558 877 4644 m'):
919 4561 990 4622 πί
1029 4559 1416 4624 chamoamni
1441 4561 1520 4623 όπ
1563 4559 1724 4641 (non
1764 4579 2109 4643 possumus
2138 4555 2239 4640 id)
2280 4555 2428 4624 Wb.
2458 4557 2541 4619 4⁵.
2601 4551 2925 4634 m'forcmi
2950 4551 3126 4616 ωὑτοὶ

221 4663 346 4724 iuna
387 4661 574 4726 hretia.
622 4659 884 4725 huambi
939 4659 1056 4746 (gl.
1103 4681 1286 4726 omne
1331 4659 1502 4726 enim
1541 4681 1773 4726 nomen
1825 4683 1867 4726 a
1909 4681 2309 4745 quocumque
2368 4659 2563 4724 verbo
2607 4664 2821 4718 natum
2864 4652 2971 4718 vel
3012 4675 3123 4737 ge-

223 4763 466 4828 netivum
511 4762 804 4847 sequitur
847 4783 1066 4828 casum
1108 4761 1214 4827 vel
1257 4753 1536 4828 dativum
1580 4771 1735 4843 etc.;
1779 4761 1823 4827 i.
1856 4785 1912 4828 e.
1956 4783 2087 4827 non
2132 4769 2345 4826 servat
2386 4779 2607 4824 casnm
2652 4755 2829 4822 verbi
2874 4778 2958 4821 ex
2996 4774 3123 4841 quo

229 4865 328 4946 est)
367 4863 473 4950 Sg.
513 4866 676 4931 188².
747 4867 818 4926 ni
855 4863 1284 4928 oumciokther
1329 4863 1492 4928 dead
1529 4861 1747 4926 nindib
1807 4863 1969 4947 (non
2012 4869 2429 4928 commutatur
2470 4858 2619 4923 finis
2672 4857 2742 4920 in
2783 4856 2899 4940 iis)
2960 4857 3120 4924 162⁸.

228 4963 282 5024 πί
323 4966 438 5029 co't'r
487 4966 652 5051 (non
708 4976 811 5030 est
863 4964 1161 5049 iustum),
1215 4967 1288 5030 πί
1327 4967 1572 5052 coimtz'q
1628 4963 1787 5048 (non
1842 4965 1952 5047 est]
1991 4962 2323 5049 frequens)
2376 4961 2460 5024 4³.
2509 4959 2632 5024 90·.
2702 4959 2774 5021 πί
2827 4957 2993 5021 corbe
3046 4959 3125 5021 do

233 5061 359 5144 (non
400 5076 498 5134 est
539 5066 786 5134 utilitas
827 5065 918 5152 ei)
979 5065 1126 5133 Wb.
1168 5069 1248 5130 2·.
1319 5066 1394 5130 ni
1432 5065 1814 5132 tairmtltecht
1866 5063 2068 5131 rechto
2120 5063 2555 5150 maniairyara
2605 5057 2773 5125 recht
2824 5057 2987 5142 (non
3026 5067 3126 5125 est

235 5169 623 5254 transgressio
665 5168 867 5254 legia,
923 5168 980 5236 si
1036 5192 1162 5235 non
1210 5180 1384 5238 vetat
1425 5169 1560 5253 lex)
1617 5169 1696 5232 2³.
1777 5169 1850 5231 πί
1902 5165 2107 5230 mebul
2158 5166 2336 5230 Iemm
2382 5174 2629 5250 precept
2669 5183 2780 5225 808.
2836 5161 2951 5246 (gl.
2996 5182 3124 5226 non

483 5281 492 5290 ‘
2612 5279 2719 5334 47·
