3717 5642
529 369 652 434 556
715 370 855 432 (5³8·
881 371 1002 432 539)
1307 366 1432 434 ΠΙ.
1479 367 1537 432 2.
1603 385 1881 434 vanam!
1923 385 2103 434 nm.
2148 383 2687 436 nonsummum.

697 557 756 621 5.
843 553 1011 623 Cum
1053 555 1181 621 hib.
1213 555 1278 618 ἑά
1318 554 1584 620 forsitan
1628 555 2051 622 conferendae
2091 555 2223 621 sint
2250 573 2495 640 paucae
2532 552 2769 620 formae
2800 551 3157 620 cambricae
3200 551 3452 632 dubiae,

533 658 837 724 certiores
883 656 1196 724 comicae.
1271 677 1280 686 ·
3304 643 3339 668 ‘¹

696 758 948 827 Cambr.
994 769 1138 822 arta
1182 756 1297 843 (gl.
1341 765 1572 839 restat3
1620 759 1698 824 cf.
1745 759 1874 828 hib.
1916 760 2129 842 arta'a,
2189 783 2253 845 p.
2294 757 2452 841 490)
2507 755 2625 824 Cb.
2660 757 2733 837 3,
2786 755 2913 821 nisi
2958 754 3455 842 comparandum

529 867 628 926 est
666 882 812 925 cum
856 861 1160 927 adverbio
1203 859 1460 925 cornico
1503 877 1658 942 αντε,
1701 871 1844 926 arta
1875 859 2156 945 (rursus)
2202 860 2461 946 saepius
2506 858 2701 923 inven
2712 867 2797 924 to.
2886 858 3025 923 Nec
3064 855 3272 942 mag-is
3318 879 3455 924 cer-

527 969 658 1026 tum
715 972 813 1028 est
860 962 1127 1028 alterum
1180 960 1558 1046 exemplum:
1628 965 1760 1028 insit
1805 963 2011 1047 padiu
2066 962 2203 1026 itau
2250 963 2429 1048 qulat
2493 959 2620 1045 (gl.
2675 958 2835 1024 celsi
2882 958 3149 1024 thronus
3196 967 3297 1024 est
3351 959 3458 1024 cui

525 1061 703 1148 regia
756 1063 950 1147 caeli)
1007 1063 1091 1149 gl.
1139 1084 1330 1148 marg.
1377 1061 1498 1130 Cb.
1546 1066 1653 1148 19,
1708 1065 1776 1129 in
1819 1086 1946 1150 quo
2006 1062 2279 1130 fortasse
2333 1063 2467 1128 itan
2519 1061 2692 1127 idem
2733 1069 2839 1126 est
2888 1059 3057 1145 quod
3098 1059 3255 1124 idau
3296 1058 3455 1146 Leg.

521 1163 708 1248 ydaw
747 1161 924 1230 Mab.
970 1163 1113 1248 (ei).

693 1262 885 1332 Corn.
931 1274 1142 1332 certae
1199 1265 1715 1352 significationis,
1771 1265 2059 1331 incertae
2102 1264 2371 1351 originis
2420 1285 2545 1330 nec
2599 1261 2729 1329 nisi
2784 1261 2853 1326 in
2907 1260 3166 1328 infimae
3224 1262 3457 1328 aetatis

524 1363 708 1431 libris
763 1367 1052 1434 inventa:
1142 1365 1322 1452 Sing.
1386 1369 1440 1432 1.
1479 1389 1679 1454 pers.:
1749 1368 1909 1432 them
1949 1366 2135 1451 shape
2186 1389 2277 1432 ow
2320 1367 2523 1451 honyn
2558 1375 2777 1450 ytama
2818 1363 3041 1448 treylys
3094 1362 3207 1452 (ad
3250 1385 3459 1434 meam

525 1465 732 1551 ipsius
759 1469 1026 1534 formam
1071 1491 1190 1554 ego
1221 1491 1364 1534 sum
1391 1469 1775 1554 conversus)
1805 1467 1914 1536 Cr.
1946 1467 2089 1534 925.
2178 1469 2237 1532 2.
2270 1489 2471 1554 pem:
2501 1465 2711 1546 frank
2751 1464 2834 1528 ha
2875 1464 2996 1528 leal
3016 1475 3219 1551 yttoqe
3262 1464 3463 1548 (liber

527 1576 590 1632 et
631 1568 840 1636 fidelis
894 1592 965 1637 es
1008 1570 1108 1654 tu)
1167 1567 1560 1656 Gredolphini
1607 1571 1856 1636 comitis
1912 1570 2273 1656 symbolum
2328 1591 2431 1657 ap.
2478 1567 2681 1634 Tonk.
2784 1566 2841 1629 3.
2886 1586 3087 1652 persa
3138 1575 3251 1650 μα
3293 1564 3461 1652 (est)

526 1667 634 1736 Cr.
679 1670 823 1736 362.
855 1673 998 1738 364.
1031 1673 1174 1738 541.
1211 1672 1391 1738 1155.
1428 1673 1610 1738 1240.
1649 1673 1830 1740 1398.
1881 1675 2061 1740 1559.
2117 1673 2297 1738 1564.
2384 1670 2559 1737 Plur.
2604 1671 2663 1734 3.
2707 1690 2909 1755 pers.:
2970 1678 3203 1752 ytowm
3245 1668 3461 1754 (sunt)

529 1769 636 1838 Cr.
682 1772 826 1840 984.
864 1775 1043 1840 1494.
1079 1775 1264 1840 2175.
1295 1775 1480 1840 2418.

695 1875 754 1940 6.
817 1874 1030 1942 Radix
1068 1876 1207 1958 BU,
1253 1885 1324 1942 ut
1363 1877 1428 1942 in
1473 1875 1693 1962 lingua
1733 1884 1987 1942 vetusta
2029 1875 2359 1942 hibernica
2402 1872 2593 1939 ditior
2633 1870 2853 1938 formis
2898 1894 3013 1958 per
3054 1881 3349 1960 tempora
3394 1885 3461 1940 et

525 1976 768 2060 modos,
815 1987 926 2044 aut
949 1977 1122 2044 nuda
1153 1978 1253 2063 (a)
1295 1979 1366 2044 in
1392 1979 1730 2044 flexionem
1771 1977 1985 2060 intrat,
2032 1987 2141 2044 aut
2170 1976 2471 2064 ampliata
2512 1975 2651 2041 sive
2682 1974 3037 2061 composita
3065 1976 3171 2061 (b)
3216 1981 3457 2054 cambr.

526 2076 734 2162 BYD,
783 2101 957 2145 corn.
998 2078 1272 2162 BYDH,
1316 2079 1582 2162 BEDH,
1630 2102 1820 2146 arem.
1866 2079 2055 2160 ΒΕΖ.

1526 2265 1935 2334 Praesens
1979 2275 2053 2332 et
2092 2266 2459 2347 futurfu'm.

696 2385 1066 2453 Praesentis
1123 2409 1164 2472 p
1184 2386 1248 2450 ri
1267 2409 1328 2450 m
1347 2386 1494 2451 arii
1549 2385 1766 2452 formis
1843 2407 2097 2474 semper
2148 2383 2519 2471 compositis
2576 2381 2682 2466 (b)
2748 2381 3027 2446 futurum
3094 2383 3469 2470 significant

529 2489 786 2556 dialecti
845 2497 1116 2575 excepta
1169 2486 1542 2568 aremorica,
1603 2508 1764 2573 quae
1807 2511 1985 2555 more
2031 2510 2149 2555 suo
2192 2487 2589 2554 coniunctivi
2629 2485 2891 2550 formam
2944 2483 3247 2552 adhibere
3306 2510 3467 2554 con-

530 2590 758 2658 suevit.

698 2691 1035 2759 Gambrica
1077 2691 1396 2779 exempla:
1441 2693 1532 2754 mi
1569 2690 1829 2777 auydaf
1855 2691 2012 2754 wrm
2054 2690 2371 2776 dyquhor
2410 2691 2483 2756 di
2503 2690 2808 2775 ynllawen
2852 2688 3005 2774 (ego
3036 2710 3143 2755 ero
3173 2688 3255 2755 ad
3285 2697 3469 2758 tuum

533 2793 890 2875 consilium,
939 2794 1272 2881 obsequar,
1316 2792 1616 2876 libenter)
1659 2792 1832 2860 Mab-
1866 2795 1925 2875 2,
1959 2794 2059 2858 21.
2128 2817 2168 2858 α
2211 2793 2406 2878 dywet
2441 2814 2485 2878 y
2526 2792 2751 2856 arthm-
2788 2789 3172 2877 pakbynnac
3208 2812 3253 2876 y
3288 2790 3471 2877 bwyfi

524 2915 660 2981 9¹0⁹·
701 2895 866 2959 idaeo
907 2895 1116 2980 vydaf
1147 2895 1244 2978 (et
1285 2894 1391 2960 dic
1431 2893 1745 2961 Arthuro:
1791 2895 2157 2982 ubicunque
2204 2916 2331 2974 ero,
2378 2893 2443 2960 ei
2482 2892 2581 2960 vir
2622 2893 2763 2978 ero)
2818 2895 2875 2974 1,
2907 2892 3053 2958 243.
3103 2914 3299 2979 qorm
3340 2895 3475 2980 dyn

529 2997 685 3062 ulad
726 3018 765 3059 α
811 2995 1063 3080 chledyf
1104 3017 1192 3080 yn
1229 3015 1312 3078 φ·
1348 3016 1506 3080 ynye
1555 2995 1718 3060 hona
1759 2999 1923 3083 vydy
1964 2999 2037 3062 di
2070 3047 2083 3062 .
2110 3047 2125 3061 .
2152 3046 2167 3060 .
2200 3021 2241 3062 α
2284 2997 2423 3082 ohyt
2464 2998 2599 3061 ami
2643 3017 2687 3080 y
2730 2995 2895 3081 bydy
2932 2995 3298 3082 ywerehoan
3346 3017 3474 3082 yn-

529 3099 718 3185 dyscu
761 3109 1110 3162 moes...a
1149 3099 1242 3161 mi
1279 3119 1322 3158 a
1363 3097 1567 3182 vydas
1599 3099 1776 3164 athre
1819 3102 2158 3184 ἅμμους]
2202 3098 2327 3184 byd
2368 3119 2403 3160 ο
2448 3097 2643 3182 wybot
2679 3099 2965 3185 yveneqi
3002 3101 3095 3160 itt.
3140 3108 3477 3182 nytamqt

530 3203 581 3264 ti
614 3222 657 3286 y
701 3199 822 3284 byd
857 3221 902 3284 y
943 3197 1152 3283 keryd.
1195 3217 1428 3281 namyn
1469 3199 1677 3281 arnafi
1727 3198 1860 3284 (vir
1902 3201 2139 3286 optime
2182 3221 2479 3287 pugnans
2535 3199 2753 3286 gladio
2804 3199 2875 3264 in
2916 3198 3041 3266 hac
3080 3198 3295 3264 insula
3338 3200 3473 3265 eris

529 3311 616 3384 tu,
647 3350 661 3364 .
688 3351 701 3364 .
729 3309 794 3364 et
835 3321 1084 3366 meeum
1127 3297 1254 3364 eris
1297 3321 1470 3366 nunc
1512 3301 1594 3366 ad
1637 3300 1985 3369 discendos
2028 3324 2257 3383 mores,
2285 3352 2299 3367 .
2330 3351 2345 3366 .
2372 3312 2435 3368 et
2478 3324 2599 3388 ego
2644 3323 2753 3368 ero
2799 3309 3179 3386 praeceptor
3220 3300 3381 3366 tibi.
3410 3351 3427 3365 .
3454 3350 3472 3365 .

527 3403 584 3469 si
613 3425 741 3468 non
783 3401 1140 3466 urbanitate
1184 3399 1718 3467 demonstrabitur
1759 3402 1827 3468 id
1857 3403 2000 3484 tibi,
2046 3425 2177 3468 non
2220 3403 2286 3468 in
2316 3412 2381 3470 te
2426 3403 2545 3470 erit
2584 3399 3018 3488 reprehensiO,
3066 3401 3179 3466 sed
3222 3402 3291 3466 in
3334 3401 3475 3487 me)

535 3507 588 3586 1,
625 3505 768 3570 246.
825 3505 896 3566 m‘
919 3527 962 3568 a
989 3503 1210 3586 vydwn
1241 3503 1504 3566 droctaw
1529 3525 1572 3587 y
1599 3502 1792 3568 keidw
1824 3502 1977 3587 (nos
2008 3504 2241 3571 erimus
2282 3527 2399 3592 pro
2446 3527 2542 3586 eo,
2589 3503 2807 3586 vades,
2856 3513 2925 3568 ut
2952 3502 3195 3586 servet)
3232 3505 3286 3585 1,
3319 3503 3473 3570 264.

531 3607 600 3668 ni
639 3605 928 3669 aerodwn
964 3653 974 3664 .
1005 3651 1018 3666 .
1045 3653 1060 3668 .
1099 3601 1390 3688 abydwcb.
1427 3603 1895 3688 qedymdeitkon
1936 3606 2233 3671 ckwitheu
2278 3605 2729 3672 athamaetheu
2768 3607 2934 3671 idaw
2976 3603 3128 3688 (nos
3174 3601 3473 3672 dabimus

530 3729 670 3772 eum
697 3756 710 3770 .
740 3755 755 3769 .
783 3754 797 3768 .
841 3714 904 3770 et
956 3725 1075 3770 vos
1131 3704 1308 3770 eritis
1353 3703 1609 3800 sedales
1666 3715 1728 3771 et
1769 3707 2026 3772 nutricii
2070 3707 2161 3791 ei)
2220 3711 2277 3789 3,
2324 3708 2426 3774 35.
2496 3728 2569 3771 or
2608 3728 2726 3770 aas
2767 3706 2950 3770 llado.
2994 3725 3191 3770 mano
3232 3707 3477 3790 vydant

530 3831 565 3871 o
611 3829 824 3894 ηοω-νη
868 3804 959 3889 (si
1001 3828 1130 3882 non
1175 3804 1486 3871 occiderit
1529 3827 1636 3886 ea,
1681 3807 2015 3890 animalia,
2058 3819 2309 3875 mortua
2350 3810 2535 3890 fient,
2582 3807 2935 3873 morientur
2974 3804 3171 3890 fame)
3220 3807 3275 3886 l,
3320 3807 3473 3874 293.

531 3907 828 3994 meybyon
873 3929 906 3971 ο
950 3907 1182 3994 hydam
1221 3929 1297 3970 ac
1338 3926 1454 3991 ony
1499 3905 1724 3972 bedant
1764 3907 1855 3993 (si
1902 3917 2087 3974 erunt
2127 3911 2309 3995 pueri
2355 3919 2421 3975 et
2462 3909 2519 3975 si
2561 3929 2693 3975 non
2736 3906 2956 3990 erunt)
2999 3904 3157 3992 Leg.
3190 3907 3247 3986 2,
3286 3910 3341 3986 1,
3374 3911 3439 3972 4.

701 4007 1008 4076 Comica:
1070 4031 1158 4094 yn
1200 4007 1318 4090 nef
1347 4029 1390 4092 y
1417 4006 1629 4093 fe30ff
1665 4011 1854 4094 ἐνορῶ
1910 4009 2011 4094 (in
2054 4012 2231 4078 caelo
2288 4035 2395 4078 ero
2437 4009 2727 4094 morans)
2786 4007 2860 4073 P.
2915 4009 3016 4089 93,
3049 4008 3109 4071 3.
3174 4029 3219 4092 y
3249 4008 3483 4093 fetkaf

532 4132 764 4174 marow
816 4108 1111 4193 (moriar)
1163 4109 1240 4174 R.
1282 4109 1468 4175 2030.
1533 4111 1634 4174 del
1683 4109 1889 4195 ve3aff
1942 4111 2327 4178 kombronktb
2383 4111 2731 4199 (quomodo
2774 4108 3089 4193 abducar)
3142 4108 3217 4176 P.
3260 4110 3365 4191 61,
3406 4113 3473 4176 4.

531 4211 694 4298 prak
732 4235 892 4298 qam
925 4233 1060 4296 pup
1106 4233 1190 4274 na
1233 4211 1446 4290 vethaf
1483 4211 1671 4296 lethys
1723 4211 1868 4294 (cur
1910 4234 2026 4297 per
2069 4213 2359 4299 quemvis
2403 4237 2533 4280 non
2582 4213 2867 4298 occidar)
2925 4210 3004 4278 Ο.
3050 4212 3195 4276 596.
3260 4211 3485 4286 vethas

535 4315 635 4378 the
675 4335 846 4378 wour
888 4313 1027 4396 (ero
1071 4311 1172 4374 vir
1211 4310 1394 4396 tuus)
1440 4310 1520 4379 Ο.
1551 4313 1738 4378 2111.
1803 4334 1987 4378 mara
2020 4314 2253 4400 petbus
2286 4315 2387 4379 bev
2431 4315 2663 4380 vlethen
2707 4314 2795 4399 (si
2839 4314 3053 4381 vivam
3084 4311 3351 4396 annum)
3384 4311 3469 4382 Ο.

531 4416 712 4480 2386.
782 4413 1012 4501 bytlzaf
1042 4412 1186 4498 byey
1232 4412 1373 4497 (ero
1405 4412 1741 4497 assiduus)
1769 4413 1849 4479 D.
1891 4416 2072 4481 1932.
2134 4437 2221 4500 yn
2266 4417 2385 4502 nef
2412 4439 2497 4502 ny
2536 4415 2785 4503 vythy'tlz
2828 4426 3056 4501 tryqys,
3098 4437 3187 4500 yn
3228 4413 3345 4497 nef
3380 4437 3473 4498 ny

534 4517 746 4602 ve3ytk
789 4516 972 4600 tregia
1027 4513 1126 4598 (in
1179 4515 1358 4580 caelo
1399 4538 1529 4581 non
1575 4516 1701 4581 eris
1745 4516 2031 4600 morans)
2087 4514 2167 4581 D.
2217 4519 2359 4584 858.
2418 4518 2494 4584 Ρ.
2536 4519 2636 4598 46,
2683 4520 2739 4583 3.
2812 4517 2971 4582 avell
3012 4517 3099 4602 du
3146 4538 3191 4601 y
3215 4513 3475 4600 fethytk

519 4639 712 4706 qur-ys
757 4617 959 4700 (sicut
1000 4617 1160 4682 deus
1191 4616 1339 4701 fies)
1389 4620 1448 4699 6,
1481 4621 1540 4682 4.
1603 4640 1761 4704 qam
1803 4629 1967 4702 cryst
2004 4619 2317 4707 yfythyth
2354 4632 2558 4706 tquys
2598 4618 2777 4704 (cum
2806 4617 3067 4686 Christo
3110 4615 3477 4698 morabere)

527 4721 610 4785 D.
644 4719 828 4786 3233.
886 4739 1090 4803 yymm
1130 4741 1173 4802 y
1186 4719 1444 4804 sythytlz
1489 4729 1697 4805 tyaneo
1742 4718 1889 4806 (per
1914 4741 2037 4785 nos
2067 4720 2347 4805 hahere)
2380 4721 2455 4787 R.
2488 4723 2674 4787 2349.
2736 4721 2883 4806 ytlw
2927 4719 3163 4804 bethyeh
3206 4717 3479 4804 mylyyes

530 4821 734 4907 (nunc
777 4819 903 4886 eris
947 4819 1359 4905 maledictus)
1404 4819 1483 4887 Ο.
1517 4823 1660 4886 311.
1723 4844 1925 4908 qynen
1970 4821 2219 4907 bythytk
2256 4845 2343 4908 yn
2386 4825 2589 4888 dome
2633 4823 3001 4906 (nobiscum
3046 4820 3173 4886 eris
3214 4818 3283 4882 in
3328 4817 3475 4883 dei-

527 4922 689 5007 tate)
732 4921 810 4987 R.
845 4923 1030 4987 2454.
1089 4944 1172 5007 ny
1213 4920 1472 5006 vetkyth,
1516 4945 1600 5009 ny
1626 4923 1906 5009 fythyth,
1948 4945 2032 5008 ny
2076 4922 2333 5009 hethyth,
2378 4947 2461 5010 ny
2505 4923 2749 5011 bytkyth
2793 4924 2951 5009 (non
2998 4919 3155 5006 eris)
3202 4918 3283 4984 O.
3318 4921 3475 4988 597.

527 5024 726 5104 14653
764 5025 960 5103 1510;
1007 5022 1088 5087 D.
1121 5021 1319 5104 31:303
1365 5022 1442 5088 R.
1481 5026 1660 5090 1506.
1701 5023 1899 5105 fattel
1928 5024 2085 5110 byth,
2120 5023 2288 5108 fate!
2317 5023 2474 5109 byth,
2508 5024 2700 5109 fattel
2724 5027 2867 5112 eyth-
2897 5022 3245 5112 (quomodo
3278 5022 3477 5107 erit?)

525 5123 603 5191 R.
637 5126 782 5190 718.
810 5126 954 5191 730.
991 5125 1176 5190 2361.
1234 5145 1323 5188 ow
1366 5125 1477 5212 leyc
1518 5127 1664 5191 ham
1707 5147 1815 5212 9⁰⁸
1859 5125 2001 5211 byth
2026 5113 2195 5211 yn'no
2238 5127 2419 5209 (caro
2462 5148 2605 5192 mea
2646 5135 2713 5194 et
2754 5127 3019 5216 sanguis
3060 5143 3237 5190 meus
3284 5137 3481 5192 erunt
