3717 5642
537 357 666 424 510
717 358 857 419 (501-
883 354 1005 418 506)
1281 347 1408 414 ΙΙΙ.
1451 349 1514 429 2.
1581 363 1784 414 17111161
1827 363 2293 421 amancium
2334 365 2489 414 mr.
2534 365 2721 412 Pam.
2784 386 2793 400 ι

472 611 482 622 ,
539 543 749 627 lyvim't
789 537 977 627 (quid
1021 558 1380 604 sermonum
1421 495 1758 621 loquimini
1767 529 1828 616 Ρ)
1857 531 1983 596 206
1998 555 2055 598 a.
2142 529 2307 600 Cum
2350 533 2815 600 contractione:
2862 547 2936 596 en
2966 531 3158 617 lequet
3199 529 3476 618 (ponitis

542 640 1056 828 θῠωέἥέτέῗξ)
1070 663 1324 808 ἓ6111111.
1369 734 1587 804 ANT:
1647 735 1818 800 amal
1857 734 2233 798 itm-cludam
2270 734 2386 822 (gl.
2433 744 2503 800 ut
2546 736 2847 822 subigant
2866 785 2885 814 ‚
2930 735 3172 821 cernis)
3217 733 3339 802 Cb.
3368 734 3477 798 32.

540 867 605 910 os
645 844 768 929 Ityn
812 865 842 907 e
881 843 1150 928 eeythuet
1189 839 1470 926 vullydin
1520 838 1895 902 edeecarant.
1938 855 2003 898 οε
2030 855 2232 900 onam
2274 857 2306 898 e
2328 837 2697 921 quahanant
2737 836 2828 921 (si
2872 845 3018 901 ante
3050 859 3283 902 annum
3328 858 3478 923 sep-

537 947 761 1012 timum
805 943 1132 1024 secedunt,
1181 941 1238 1008 si
1267 948 1466 1006 morte
1497 937 1852 1017 discedunt,
1902 945 2297 1022 separantur,
2342 937 2582 1023 mariti)
2623 937 2781 1025 Leg.
2814 940 2872 1022 2,
2911 942 2964 1020 1,
2998 941 3058 1004 9.
3093 941 3189 1002 11.
3252 938 3393 1022 pech
3436 961 3481 1001 α

439 1058 456 1063 “
541 1057 819 1133 vynnant
857 1046 993 1130 ltwy
1035 1045 1199 1130 πέζις]
1240 1041 1425 1129 (quid
1466 1041 1560 1105 ita
1602 1038 1827 1103 volunt
1869 1037 1998 1124 ipsi
2012 1036 2077 1122 Ρ)
2117 1036 2289 1103 Mab.
2326 1042 2381 1119 1,
2415 1040 2557 1104 290.
2624 1061 2707 1124 ny
2750 1040 3053 1126 cklyweist
3092 1043 3326 1126 eimoet
3366 1039 3480 1124 yth

539 1149 684 1212 wlat
729 1148 812 1232 dy
855 1147 980 1210 kun
1020 1147 1171 1210 lcerd
1211 1143 1410 1230 leystal
1449 1164 1524 1206 ac
1567 1151 1846 1227 ayanant
1890 1138 2050 1223 (non
2094 1139 2397 1205 audivisti
2440 1161 2714 1228 unquam
2760 1141 2829 1206 in
2872 1151 2983 1206 tua
3022 1141 3169 1227 ipse
3211 1140 3478 1226 regione

545 1260 800 1316 cantum
845 1270 1049 1336 aeque
1093 1246 1363 1326 dulcem,
1409 1265 1486 1309 ac
1530 1250 1779 1322 canent,
1827 1263 1982 1307 aves
2026 1239 2209 1325 illae)
2258 1244 2311 1324 1,
2345 1243 2403 1307 8.
2460 1267 2535 1308 ac
2580 1253 2808 1329 ayvant
2840 1292 2854 1306 .
2881 1293 2896 1310 .
2928 1265 3005 1306 ac
3046 1253 3343 1328 aqyecant
3380 1241 3483 1325 (et

542 1352 768 1418 bibent
812 1359 877 1416 et
906 1348 1246 1433 dormient)
1290 1349 1348 1428 3,
1381 1347 1524 1412 302.
1611 1342 1810 1430 Apud
1850 1351 2077 1428 poetas
2116 1365 2309 1430 saepe
2341 1343 2591 1411 abiecto
2636 1355 2661 1408 t
2700 1353 2767 1410 et
2792 1343 2899 1408 1116
2941 1351 3006 1408 et
3044 1342 3114 1407 in
3144 1341 3291 1408 aliis
3319 1352 3482 1408 tem-

546 1453 829 1540 poribus,
876 1460 975 1515 ut:
1018 1454 1061 1530 2]
1108 1449 1360 1527 kuynan
1403 1442 1817 1532 (deplorant),
1860 1450 1905 1524 3]
1949 1445 2272 1528 dylanuan
2316 1443 2724 1530 (explebunt)
2769 1443 2906 1516 CN.
2952 1466 3142 1512 earm.
3180 1446 3235 1508 1.

718 1553 911 1621 Com
958 1550 1162 1619 ONS:
1214 1571 1380 1636 praq
1423 1572 1508 1612 na
1545 1568 1800 1634 yemom
1843 1546 2103 1630 azyma-921
2144 1544 2292 1630 (cur
2330 1569 2465 1612 non
2506 1547 2803 1614 locuntur
2844 1546 3131 1634 aperte?)
3173 1544 3259 1612 D.
3295 1547 3479 1611 1212.

551 1678 634 1741 ny
675 1677 950 1742 vynnone
991 1675 1170 1740 (γι-989
1212 1651 1471 1737 (nolunt
1509 1648 1824 1734 credere),
1869 1647 2013 1732 vyth,
2052 1669 2181 1731 nyn
2224 1668 2461 1711 cresone
2502 1649 2575 1732 ef
2591 1650 2780 1733 neffre
2820 1649 3179 1737 (nunquam
3220 1649 3485 1714 credent

501 1769 522 1782 ⁴
552 1757 744 1842 illud)
793 1753 870 1822 Ο.
919 1756 1102 1820 1435.
1141 1754 1322 1818 1440.
1389 1752 1531 1838 vytlz
1573 1773 1658 1837 ny
1694 1751 1893 1835 yllom
1931 1769 2223 1834 ymweres
2265 1747 2699 1837 (nequaquam
2740 1761 3016 1837 possunt
3056 1773 3128 1816 se
3168 1748 3483 1834 servare),

548 1882 633 1945 ny
673 1858 870 1944 yllom
913 1855 1014 1920 hos
1055 1855 1318 1941 nffyrys
1361 1852 1522 1938 (non
1563 1860 1840 1938 possunt
1877 1849 2225 1934 numerari)
2270 1849 2351 1917 O.
2388 1853 2567 1918 1420.
2606 1855 2787 1918 1544.
2844 1875 2985 1918 mar
3026 1875 3111 1918 an
3138 1852 3347 1936 kesom
3388 1850 3484 1936 (si

558 1983 700 2026 eum
742 1955 1102 2040 invenient)
1145 1952 1229 2020 D.
1260 1954 1403 2020 582.

717 2061 934 2126 Arem.
983 2055 1105 2124 ΟΝ
1107 2053 1192 2120 T:
1251 2077 1328 2120 ne
1369 2065 1598 2118 cessent
1649 2065 1790 2138 quet
1832 2075 1945 2117 ouz
1986 2074 2093 2116 ma
2130 2055 2312 2138 pidq‘f
2361 2053 2525 2139 (non
2568 2062 2826 2121 cessant
2874 2077 2977 2121 me
3026 2054 3283 2143 rogare)
3338 2053 3481 2122 MJ.

549 2162 631 2228 29
646 2162 706 2226 b.
777 2185 842 2226 ez
883 2168 1136 2223 rement
1190 2155 1334 2220 bont
1367 2156 1543 2240 fleur
1583 2158 1844 2220 sicouret
1888 2153 2155 2239 (debent
2206 2154 2473 2222 dulciter
2513 2155 2751 2240 iuvari)
2811 2157 2894 2222 24
2902 2180 2961 2222 a.
3032 2179 3171 2222 maz
3226 2157 3485 2222 cleecont

457 2286 462 2295 ·
547 2262 712 2348 prob
754 2285 859 2329 ma
902 2260 1142 2326 disober
1197 2257 1301 2342 (ut
1339 2266 1648 2323 conentur
1690 2277 1952 2344 prorsus
1996 2277 2096 2321 me
2140 2235 2385 2343 delere)
2431 2257 2512 2322 23
2526 2258 2585 2322 b.
2642 2278 2723 2342 pe
2766 2257 3029 2323 leveront
3064 2283 3111 2345 y
3151 2259 3341 2346 (quid
3383 2260 3483 2325 di-

550 2375 705 2430 cunt
731 2362 902 2447 11119)
933 2363 1058 2426 227
1071 2384 1128 2426 a.
1182 2380 1324 2424 mar
1350 2371 1606 2443 queo-ont
1646 2358 1736 2442 (si
1763 2359 1977 2445 placet
2004 2356 2118 2441 iis)
2154 2358 2232 2423 18
2248 2381 2305 2424 a.
2357 2359 2529 2445 yoall
2554 2379 2671 2422 nen
2700 2359 2969 2444 queffont
3010 2383 3076 2424 ez
3114 2361 3211 2426 inc
3248 2372 3488 2447 spontet

552 2466 738 2553 (quia
779 2487 925 2530 eum
967 2484 1093 2529 non
1138 2460 1492 2543 inveniunt,
1537 2459 1997 2548 perterrentur)
2042 2460 2166 2524 215
2178 2460 2239 2525 b.

719 2665 1004 2734 Futuri
1054 2673 1274 2731 notam
1314 2663 1372 2730 B
1429 2663 1583 2730 olim
1626 2663 1918 2730 extitisse
1974 2663 2043 2728 in
2084 2662 2443 2730 britannica
2494 2683 2743 2748 quoque
2786 2661 3039 2750 lingua,
3100 2665 3224 2731 etsi
3262 2675 3493 2753 patere

549 2769 803 2835 videtur
845 2790 927 2834 ex
954 2767 1007 2833 F
1038 2767 1210 2853 (orta
1239 2788 1274 2832 e
1308 2765 1361 2847 b,
1406 2787 1472 2853 Ρ.
1508 2764 1661 2849 138)
1706 2788 1871 2852 quae
1903 2765 2075 2830 inest
2116 2764 2183 2828 in
2211 2762 2431 2830 formis
2477 2763 2842 2830 aremoricis
2884 2765 3079 2831 futuri
3121 2767 3493 2834 secundarii

551 2871 664 2954 (de
711 2870 942 2958 quibus
986 2869 1214 2954 infra),
1275 2865 1468 2933 certis
1511 2874 1728 2934 tamen
1773 2865 2059 2954 primarii
2101 2863 2391 2951 reliquiis
2444 2863 2699 2954 probari
2738 2867 2978 2951 nequit.
3076 2865 3262 2948 Quae
3316 2868 3493 2934 enim

551 2971 792 3038 formae
835 2971 959 3038 huc
986 2970 1307 3058 pertinere
1355 2968 1668 3050 videntur,
1714 2977 1824 3034 aut
1853 2967 2207 3034 recentiore
2252 2989 2399 3032 cum
2432 2965 2650 3032 radice
2681 2964 2758 3030 bu
2802 2969 3266 3056 compositione
3309 2979 3494 3036 ortae

555 3084 706 3140 sunt
743 3073 1004 3141 indubie
1047 3080 1119 3136 ut
1159 3069 1455 3137 comicae
1471 3119 1488 3152 ,
1545 3069 1625 3134 de
1670 3069 1903 3155 quibus
1959 3091 2075 3134 suo
2116 3069 2262 3134 loco
2321 3076 2700 3154 exponetur,
2755 3076 2867 3133 aut
2908 3068 3183 3156 aliquam
3224 3082 3496 3138 movent

554 3175 976 3262 suspitionem
1028 3181 1100 3238 ut
1153 3170 1568 3252 aremoricae,
1623 3181 1755 3236 tam
1793 3170 2111 3237 recentior
2150 3193 2228 3236 ra
2260 3168 2471 3255 yar-fet
2510 3167 2835 3256 (ametis),
2890 3192 3053 3257 quae
3095 3173 3300 3240 forma
3356 3197 3495 3240 non

550 3276 785 3357 futuro,
835 3275 949 3340 sed
994 3272 1403 3340 coniunctivo
1445 3272 1744 3338 tribuitur
1786 3296 1826 3339 a
1851 3272 2064 3354 Dum„
2114 3295 2304 3362 quam
2346 3269 2727 3337 vetustiores
2766 3274 3141 3358 qouzauefez
3180 3275 3252 3340 in
3280 3276 3493 3342 versi-

557 3377 733 3444 culo:
799 3376 1082 3439 mcchant
1121 3374 1315 3457 dezaf
1345 3394 1488 3437 mar
1524 3373 1898 3460 qouzauefez
1951 3373 2280 3458 (miserum
2324 3372 2417 3440 illi
2432 3423 2447 3453 ‚
2492 3381 2764 3457 tyranno
2779 3424 2795 3454 ‚
2843 3374 2900 3440 si
2941 3374 3277 3460 tolerabis)
3320 3375 3493 3442 Buh.

560 3480 664 3562 86,
701 3482 798 3560 11,
845 3485 910 3542 et
948 3474 1109 3560 roys
1137 3472 1408 3559 (dabit):
1468 3499 1552 3540 an
1593 3476 1798 3540 merch
1839 3499 1987 3539 man
2028 3475 2114 3540 ha
2166 3475 2247 3559 ky
2288 3475 2490 3538 leones
2530 3495 2572 3535 a
2608 3473 2765 3558 row‘
2794 3474 2937 3539 mab
2981 3475 3167 3540 &ilcan
3206 3497 3364 3542 voar
3406 3501 3497 3542 an

555 3602 722 3646 maes
766 3579 980 3664 (virgo
1023 3576 1184 3642 haec
1228 3584 1292 3641 et
1335 3598 1414 3643 ea
1456 3577 1748 3642 monialis
1795 3578 1943 3643 edet
1983 3597 2249 3662 puerum
2292 3572 2588 3662 parvum)
2645 3574 2747 3655 78,
2790 3576 2847 3640 7.
2881 3575 2949 3657 8,
3008 3599 3272 3663 quarum
3312 3577 3495 3643 illam

559 3678 998 3765 corrigendam
1044 3699 1186 3745 esse
1241 3677 1394 3763 (leg.
1433 3701 1746 3764 qouzauez
1761 3729 1780 3762 ,
1821 3677 2151 3765 qouzafez)
2214 3677 2515 3742 docemur
2570 3685 2636 3741 et
2691 3663 3075 3760 syllabarum
3116 3703 3382 3746 numero
3426 3691 3498 3746 et

555 3783 702 3869 lege
746 3779 1202 3846 consonantiae
1245 3779 1562 3862 internae,
1609 3780 1775 3846 hanc
1818 3780 1996 3848 verbi
2041 3778 2312 3845 anomali
2356 3777 2627 3844 formam
2672 3788 3033 3864 suspectam
3076 3790 3249 3847 certe
3292 3781 3493 3848 habe-

557 3905 716 3964 mus,
763 3904 904 3948 cum
952 3880 1210 3966 saepius
1250 3903 1294 3963 y
1339 3891 1404 3947 et
1443 3883 1510 3966 tf
1544 3881 2028 3948 confundantur.
2126 3882 2229 3947 Ac
2271 3902 2355 3946 ne
2396 3889 2651 3946 vetusta
2704 3879 2961 3965 quidem
3003 3883 3323 3948 cambrica
3362 3894 3497 3950 ter-

559 3987 823 4052 minatio
852 3981 1028 4064 BOI,
1076 4003 1266 4068 quam
1309 3982 1526 4050 inesse
1567 3983 1895 4070 putaveris
1937 3981 2005 4047 in
2036 3981 2254 4046 kacboi
2290 3981 2405 4067 (gl.
2439 3981 2853 4046 excutiendus
2885 3983 3023 4064 erit,
3067 3983 3311 4070 pulvis3
3356 3984 3399 4048 i.
3434 4007 3492 4050 e.

560 4089 845 4155 excuties
859 4086 919 4172 ?)
965 4084 1088 4150 Ox.
1121 4084 1242 4164 39⁵,
1289 4082 1371 4149 de
1403 4106 1530 4171 qua
1559 4085 1781 4152 videas
1822 4085 1895 4149 in
1924 4085 2119 4170 App„
2168 4092 2233 4148 et
2252 4081 2509 4168 piouboi
2548 4081 2667 4150 Cb.
2704 4085 2758 4164 1,
2805 4084 2886 4149 ab
2918 4085 3090 4150 omni
3128 4095 3311 4173 parte
3356 4109 3495 4150 mu-

559 4192 696 4257 nita
738 4199 867 4269 est;
924 4185 1295 4253 hodiernam
1349 4195 1562 4252 autem
1613 4186 1877 4252 formam
1920 4184 2095 4268 caref
2143 4183 2444 4269 (amabit3
2502 4182 2723 4250 Owen.
2769 4207 3027 4271 gramm.
3081 4209 3144 4272 p.
3185 4186 3331 4271 110)
3387 4189 3497 4253 vel

561 4291 750 4375 ceriff,
795 4312 986 4377 quam
1013 4287 1322 4354 acerrime
1365 4288 1748 4374 impugnans
1775 4285 2041 4354 Davies.
2087 4284 2402 4369 (Gramm.
2433 4307 2495 4372 Ρ.
2530 4286 2630 4350 99.
2666 4286 2816 4371 100)
2861 4307 2977 4352 sua
3017 4287 3141 4352 iam
3185 4289 3499 4353 memoria

562 4392 1003 4480 pervulgatam
1041 4383 1410 4478 ‘nunquam,
1455 4388 1691 4474 inquit,
1738 4389 1881 4456 sine
1923 4387 2362 4474 indignatione
2406 4377 2614 4452 audio'
2635 4438 2652 4469 ,
2696 4387 2964 4454 forsitan
3006 4388 3242 4456 rectius
3286 4391 3494 4476 expli-

563 4493 804 4559 caverit
846 4490 1186 4559 Williams.
1244 4489 1606 4577 (Dosparth
1662 4513 1724 4578 p.
1764 4491 1915 4574 103)
1971 4499 2273 4575 tanquam
2317 4487 2653 4554 conflatam
2696 4511 2777 4554 ex
2818 4489 3095 4576 regulari
3137 4489 3342 4556 forma
3382 4515 3499 4556 car

563 4617 708 4660 cum
750 4593 1124 4680 pronomine
1165 4592 1248 4676 ef.

730 4693 1016 4761 Tametsi
1043 4693 1238 4780 igitur
1280 4715 1424 4760 cum
1453 4692 1678 4758 eadem
1705 4699 1858 4756 nota
1882 4691 2077 4756 futuri
2118 4691 2305 4758 facile
2350 4692 2417 4756 in
2445 4691 2878 4778 paradigmate
2920 4692 3169 4758 restitui
3198 4701 3503 4778 poterant

561 4800 800 4866 formae
827 4795 1208 4884 primitivae,
1253 4815 1528 4860 excussa
1553 4803 1768 4858 tamen
1808 4792 1925 4857 illa
1952 4793 2357 4859 commixtum
2400 4815 2545 4860 6666
2594 4815 2773 4860 usum
2804 4793 3161 4880 praesentis
3206 4801 3272 4856 et
3296 4790 3499 4858 futuri

563 4911 693 4966 tam
736 4897 1050 4964 cambriee
1108 4918 1292 4982 quam
1339 4893 1595 4960 cornice
1638 4903 1907 4980 apparet
1948 4917 2030 4958 ex
2070 4895 2379 4981 exemplis
2440 4916 2638 4981 supra
2675 4895 3091 4976 enumeratis,
3146 4895 3215 4957 in
3258 4893 3497 4980 quibus

566 5011 901 5086 utrumque
944 5007 1196 5083 tempus
1242 4995 1462 5062 eadem
1502 4996 1863 5082 praesentis
1904 4994 2105 5060 forma
2147 4996 2561 5082 significatur.
2671 4994 2827 5062 Sola
2868 4993 3303 5062 aremorica
3354 4994 3499 5058 dia—

567 5102 791 5181 lectus,
835 5121 997 5187 quae
1041 5100 1170 5163 vim
1212 5097 1572 5184 praesentis
1615 5096 1927 5182 integram
1976 5098 2271 5178 servavit,
2319 5097 2558 5163 amissa
2597 5107 2810 5164 vetere
2849 5096 3051 5161 forma
3090 5116 3320 5160 novam
3364 5095 3501 5162 sibi

3184 5261 3221 5297 l
