3717 5642
935 419 1052 490 VI.
1099 426 1156 488 1.
1229 439 1700 492 consi-numo
1743 441 1947 492 vener
1988 441 2356 490 mamm.
2632 421 2947 486 (895-897)
2993 419 3134 488 923-

193 609 562 693 nominalis)
603 611 758 677 licet
799 611 1112 696 suspicari
1161 611 1224 674 in
1271 611 1372 677 his
1415 609 1716 696 loquendi
1761 612 2013 678 modum
2058 633 2174 694 per
2217 609 2471 692 ellipsin
2518 607 2715 674 hunc:
2762 607 2979 692 incepi
3026 605 3111 687 id,

197 712 484 776 nimirum
529 735 694 792 esse,
743 711 782 774 i.
830 735 881 775 e.
931 735 1088 776 snm.
1165 711 1360 776 Verbi
1403 712 1674 777 derivati
1720 715 2021 797 cli-cniyur
2048 713 2438 778 transeuntis
2482 710 2564 776 ad
2610 709 2873 774 eandem
2917 708 3117 794 signi-

195 815 550 878 ficationem
593 814 882 899 exempla
928 837 1122 900 supra
1165 813 1410 898 prolata
1451 821 1600 879 sunt
1641 813 1732 897 (p.
1781 814 1925 894 813,
1972 813 2155 896 not.).

357 915 412 977 b.
461 915 760 980 Activum
807 915 984 980 verbi
1029 915 1340 981 hibernici
1391 914 1628 980 vetusti
1673 915 1923 1002 plenam
1967 917 2307 982 flexionem
2352 936 2767 999 personarum
2810 913 3110 989 servavit,

193 1018 468 1083 alienum
512 1019 592 1082 ab
647 1017 1056 1101 impersonali
1103 1019 1606 1097 construetione,
1655 1039 1816 1102 quae
1861 1018 1927 1081 in
1975 1018 2326 1083 recentiore
2384 1016 2603 1100 lingua
2646 1016 2835 1081 etiam
2882 1017 2945 1079 in
2992 1015 3115 1081 hoc

191 1143 396 1203 genus
426 1118 683 1196 invasit,
726 1120 1098 1204 praesertim
1141 1120 1203 1184 in
1236 1121 1500 1206 gaelica,
1547 1143 1582 1185 e
1621 1141 1750 1204 qua
1795 1141 1848 1182 e.
1882 1141 1939 1184 c.
1970 1119 2161 1184 affero
2206 1120 2431 1205 praet.'
2452 1118 2618 1202 sing.
2673 1121 2723 1182 1.
2799 1119 2875 1180 do
2908 1116 3120 1180 bhuail

197 1225 286 1284 mi
329 1219 626 1304 (occidi),
672 1222 732 1288 2.
803 1223 884 1284 do
929 1220 1142 1286 bimait
1185 1222 1308 1301 thu,
1353 1221 1412 1285 3.
1457 1223 1534 1284 do
1577 1219 1791 1284 blenau
1817 1243 1849 1284 e
1878 1229 2027 1298 ete.;
2070 1219 2182 1285 fut.
2228 1220 2389 1305 sing.
2438 1219 2721 1284 bomilidh,
2763 1222 2867 1284 mi.
2914 1231 2997 1297 tu,
3042 1241 3121 1294 se,

197 1325 359 1409 plur.
413 1323 690 1388 buaicidh
731 1325 889 1401 sinn,
931 1321 1081 1404 nibli,
1126 1324 1268 1388 aiod
1308 1322 1617 1406 (caedam,
1663 1343 1766 1388 ·es
1799 1331 1953 1401 etc.;
1996 1322 2184 1404 adh).
2256 1319 2607 1388 Hibernice
2648 1341 2901 1406 quoque
2930 1317 3119 1383 hodie

191 1427 370 1488 iuxta
413 1424 814 1511 personalem
853 1425 1062 1508 magis
1105 1435 1416 1489 servatam
1451 1423 1788 1490 adhibetur
1811 1425 2281 1511 impersonalis,
2328 1433 2397 1488 ut
2434 1445 2639 1508 praes.
2682 1421 2846 1506 sing.
2903 1419 3116 1484 oeilidh

187 1529 286 1589 me‘
325 1525 568 1609 (celo),
633 1529 728 1605 tv),
774 1531 866 1607 δέ,
913 1526 1071 1611 plur.
1117 1527 1340 1590 ceilidh
1377 1529 1546 1604 sinn,
1591 1525 1754 1594 eibh.
1799 1529 1956 1590 eiad.
2044 1525 2121 1592 In
2165 1535 2418 1591 vetusta
2460 1524 2683 1609 lingua
2724 1521 3117 1590 constructio

188 1628 644 1714 impersonalis
701 1628 1012 1694 eiusmodi
1081 1651 1226 1693 rara
1291 1639 1419 1706 est,
1479 1637 1917 1712 praeterquam
1984 1629 2049 1692 in
2114 1628 2329 1694 verbis
2395 1627 2633 1692 iunctis
2704 1621 3117 1709 impersonali

187 1729 654 1794 constructioni
703 1730 882 1794 verbi
930 1729 1332 1808 substantivi,
1376 1737 1448 1792 ut
1490 1751 1684 1816 supra
1722 1728 1790 1794 in
1835 1729 2220 1810 aridroehell,
2264 1729 2587 1793 notkeised.

357 1829 622 1897 Passivi
663 1841 874 1895 tamen
903 1828 1092 1895 flexio
1122 1830 1479 1916 personalis
1521 1830 1753 1897 defecit
1794 1831 1919 1898 iam
1964 1833 2031 1896 in
2075 1840 2327 1896 vetusta
2363 1831 2601 1916 lingua,
2648 1851 2809 1916 quae
2859 1827 2945 1891 uti
2992 1847 3121 1890 non

189 1932 360 1998 solet
403 1931 536 1997 nisi
579 1930 768 1996 tertia
809 1953 1086 2016 persona
1125 1933 1454 2018 utriusque
1497 1932 1772 1998 numeri:
1817 1936 2019 1999 ἑκταίη
2065 1931 2443 2018 aralleqthar
2486 1934 2693 2015 ooepis.
2740 1929 2917 2012 (cum
2959 1927 3121 1994 reci·

185 2043 356 2097 tatur
412 2033 552 2097 eins
604 2031 909 2118 epistula)
957 2031 1101 2098 Wb.
1151 2037 1266 2100 18⁸.
1337 2033 1475 2100 'lace
1534 2033 1898 2120 araldyatar
1950 2034 2127 2118 (cum
2172 2033 2497 2120 leguntur,
2544 2031 2768 2115 voces)
2812 2029 2921 2115 Sg.
2954 2033 3117 2097 213⁸.

187 2133 466 2201 Ceteras
505 2155 818 2218 personas
863 2145 928 2198 et
970 2136 1312 2221 singularis
1355 2135 1600 2200 numeri
1643 2145 1710 2200 et
1749 2134 2015 2221 pluralis
2074 2137 2258 2201 modo
2312 2130 2725 2220 impersonali
2770 2133 3120 2218 significari

189 2235 414 2300 infixis
457 2234 674 2300 formis
717 2239 1160 2322 pronominum
1203 2237 1630 2324 personalium
1673 2237 1840 2303 inter
1884 2238 2061 2304 verbi
2104 2237 2351 2303 tertiam
2394 2257 2733 2321 personam
2780 2233 3122 2319 singularis

187 2349 250 2400 et
289 2335 646 2423 particulas
689 2338 980 2404 verbales
1025 2361 1102 2402 no
1119 2388 1136 2420 ,
1180 2361 1253 2403 ro
1293 2339 1398 2406 vel
1442 2339 1953 2424 praepositiones
1996 2339 2061 2404 in
2107 2339 2322 2404 verbis
2366 2338 2767 2423 compositis,
2814 2348 2885 2400 ut
2926 2335 3123 2402 tradi-

181 2447 320 2502 tum
369 2447 478 2503 est
515 2438 640 2502 iam
679 2438 748 2502 in
793 2449 1134 2525 systemate
1179 2441 1356 2508 verbi
1399 2443 1496 2527 (p.
1537 2440 1715 2525 411),
1758 2449 1937 2527 patet
1978 2464 2059 2506 ex
2102 2439 2415 2526 exemplis
2454 2437 2617 2524 ipsis
2648 2460 2843 2523 supra
2868 2459 3125 2503 enume-

182 2540 344 2604 ratis
393 2539 491 2626 (p.
531 2539 705 2623 482).

359 2641 558 2707 Actio
623 2641 926 2708 reflexiva
987 2642 1056 2708 in
1113 2642 1348 2728 linguis
1415 2643 1663 2710 celticis
1719 2644 1979 2730 propria
2042 2645 2220 2709 verbi
2290 2644 2495 2708 forma
2546 2665 2679 2706 non
2732 2641 3121 2727 designatur.

181 2743 550 2808 Hibernice
593 2743 990 2830 significatae
1035 2744 1316 2810 eiusdem
1362 2743 1675 2830 particula
1701 2745 1985 2830 praefixa
2024 2748 2159 2823 im-‚
2204 2755 2273 2811 ut
2314 2745 2507 2830 vulgo
2528 2744 2949 2829 -signifleatur
2994 2744 3123 2808 bri-

183 2845 484 2924 tannice,
529 2845 640 2910 vix
683 2868 876 2911 unum
913 2846 1019 2910 vel
1061 2845 1326 2911 alterum
1383 2845 1736 2932 exemplum
1781 2857 1957 2913 extat
2010 2854 2101 2934 (p.
2162 2849 2333 2932 876).
2424 2844 2607 2914 Solet
2658 2845 2837 2932 infigi
2894 2867 3123 2931 prono-

179 2965 330 3009 men
385 2945 528 3010 eius
571 2968 902 3032 personae,
943 2969 1108 3032 quae
1149 2947 1219 3011 in
1263 2969 1334 3012 se
1379 2947 1537 3032 agit:
1592 2951 1993 3014 nommdt‘dim
2036 2949 2321 3036 (glorior,
2364 2949 2407 3012 i.
2454 2971 2509 3014 e.
2554 2947 2743 3012 laudo
2788 2947 2919 3030 me)
2975 2945 3119 3010 Wb.

185 3047 308 3114 14⁸.
389 3049 850 3112 nonmbidemm'
888 3048 1001 3134 (gl.
1048 3047 1422 3134 gloriamur)
1451 3051 1530 3114 2⁴.
1607 3063 1706 3115 act
1747 3053 2059 3135 ranylana
2118 3050 2232 3136 (gl.
2279 3049 2333 3114 si
2380 3048 2817 3114 emundaverit
2860 3046 2961 3132 se)
3004 3050 3125 3115 30⁸.

357 3171 414 3213 c.
463 3148 844 3236 Temporum
887 3160 956 3214 et
995 3151 1324 3215 modorum
1369 3174 1525 3218 usus
1569 3162 1633 3216 et
1675 3153 2087 3234 constructiO‚
2135 3151 2408 3237 simplex
2450 3152 2518 3215 in
2564 3150 2858 3215 omnibus
2886 3147 3125 3232 linguis

177 3251 468 3330 celticis,
513 3251 658 3338 ipso
691 3272 726 3316 e
757 3261 1102 3338 systemate
1147 3253 1320 3317 verbi
1371 3262 1435 3318 et
1477 3252 1786 3338 exemplis
1833 3253 1915 3319 ad
1946 3251 2468 3338 demonstrandas
2511 3253 2843 3317 verborum
2888 3249 3125 3313 formas

179 3354 466 3442 prolatis
512 3353 750 3417 affatim
794 3363 1078 3439 apparet.

359 3454 776 3521 Promiscuus
829 3477 984 3520 usus
1039 3467 1394 3540 temporum
1451 3456 2004 3536 secundariorum,
2050 3459 2407 3542 praesentis
2455 3456 2558 3522 vel
2599 3455 2791 3519 futuri
2839 3463 2903 3518 et
2944 3475 3127 3538 prae·

173 3559 394 3636 tex-iti,
451 3555 844 3640 frequentior
900 3557 970 3620 in
1015 3549 1334 3622 cambrica
1377 3558 1879 3638 constructione,
1926 3558 2054 3622 iam
2121 3557 2642 3623 animadvertitur
2680 3555 2992 3620 interdum
3058 3555 3127 3618 in

171 3669 452 3725 vetusta
503 3657 862 3723 hibernica:
939 3658 1218 3722 athamas
1273 3658 1391 3743 (gl.
1449 3659 1616 3723 sicut
1681 3659 1957 3725 Sodoma
2006 3659 2159 3724 facti
2214 3680 2536 3738 essemus3
2598 3659 2637 3723 i.
2686 3679 2741 3721 e.
2798 3655 3125 3722 interisse-

171 3761 360 3846 mns)
411 3759 560 3826 Wb.
601 3763 699 3841 4⁴,
745 3760 913 3846 quod
957 3759 1126 3825 idem
1169 3759 1491 3845 signifieat
1527 3761 1941 3824 interii-emus.
2032 3761 2310 3826 Omissis
2356 3761 2525 3826 enim
2572 3757 2901 3846 particulis
2944 3779 3021 3821 no
3064 3767 3131 3822 et

167 3887 244 3928 ro
289 3863 552 3929 tollitur
594 3861 922 3928 distinctio
975 3861 1140 3926 inter
1205 3871 1538 3948 utrumque
1603 3871 1854 3948 tempus
1872 3913 1887 3942 ,
1956 3871 2025 3926 ut
2090 3861 2157 3924 in
2228 3883 2432 3948 pass.:
2508 3861 2825 3924 220me
2880 3859 3127 3944 (calva—

169 3965 418 4050 retur),
465 3964 776 4028 robmtlae
823 3962 1142 4046 (calvatus
1186 3973 1392 4043 esset3
1437 3963 1518 4028 cf.
1565 3984 1670 4047 pp.
1713 3965 1858 4028 447.
1906 3965 2084 4048 481).
2326 3959 2330 3964 ’

353 4069 426 4131 d.
503 4063 898 4129 Infinitivum
953 4063 1344 4153 hibernicum
1411 4065 1571 4130 nihil
1629 4087 1774 4130 esse
1826 4066 1955 4132 nisi
2012 4064 2505 4141 substantivum,
2571 4087 2715 4129 cum
2770 4085 2849 4128 ex
2900 4064 3131 4128 forma-

167 4172 362 4234 tione
397 4167 582 4232 varia
611 4167 706 4250 (p.
735 4165 862 4229 483
895 4165 1024 4250 sq.)
1051 4178 1248 4253 patet,
1275 4179 1404 4231 tum
1432 4189 1509 4232 ex
1534 4169 1673 4234 eius
1697 4169 2170 4234 constructione
2194 4189 2333 4232 eum
2358 4166 2729 4252 pronomine
2758 4167 3131 4250 possessivo

171 4273 282 4336 vel
332 4267 732 4334 substantivi
779 4268 1094 4352 genetivo,
1143 4269 1326 4333 cuins
1371 4279 1520 4333 sunt
1545 4269 1856 4355 exempla
1898 4269 2207 4354 quaedam
2254 4267 2701 4353 luculentiora:
2778 4279 2869 4329 tre
2900 4267 3131 4352 fulany

169 4377 336 4437 iuna
387 4369 652 4455 sockide
697 4366 1075 4453 (tolerandis
1126 4369 1672 4454 tribulationibus)
1726 4369 1869 4439 Wb.
1921 4371 2037 4434 14³.
2128 4369 2426 4434 e'mradud
2466 4372 2617 4432 imm
2662 4371 2785 4432 rete
2828 4369 3133 4432 domunde

166 4474 514 4560 (cogitare
556 4492 658 4535 res
689 4470 1090 4550 mundanas),
1137 4493 1240 4532 cen
1271 4471 1571 4534 inm-adad
1609 4473 1908 4536 nammde
1953 4474 2126 4558 (sine
2170 4471 2556 4557 cogitatione
2600 4469 2987 4548 caelestium,
3034 4477 3135 4533 est

167 4572 520 4662 sapientia
559 4573 804 4655 carnis)
839 4575 917 4638 3¹.
989 4575 1062 4634 πί
1099 4572 1191 4634 a'il
1231 4573 1358 4634 driu
1405 4571 1608 4634 tabat-t
1651 4586 1903 4640 reclausa
1945 4576 2061 4661 (gl.
2107 4599 2235 4640 non
2266 4573 2454 4638 nobis
2494 4559 2765 4636 necesse
2796 4570 3133 4654 quiequam

167 4677 386 4762 loqui,
439 4675 483 4738 i.
533 4697 588 4740 e.
636 4675 786 4740 dare
829 4670 1292 4755 testimonium)
1325 4672 1446 4736 24
1519 4675 1818 4738 octabm'rt
1857 4683 2045 4756 ravin,
2090 4675 2349 4740 octobirt
2392 4674 2625 4738 coibsen
2671 4673 2767 4756 (in
2813 4672 3135 4757 proferen-

167 4779 278 4844 dis
329 4776 690 4862 mysteriis,
735 4774 1277 4858 confessionibus)
1315 4775 1428 4838 12⁶.
1486 4779 1598 4840 15⁹.
1669 4775 1860 4860 9αόάί
1887 4777 2274 4840 deeimreclcte
2303 4777 2585 4861 (sumere
2630 4771 3018 4860 exemplum)
3046 4773 3133 4858 fq.

165 4881 536 4946 Invenitur
579 4887 788 4945 tamen
835 4879 1018 4943 aliter
1048 4899 1299 4966 quoque
1344 4885 1746 4942 constructus
1793 4878 2161 4944 infinitivus.
2196 4879 2439 4942 ratione
2468 4877 2727 4963 duplici.
2810 4873 3137 4961 Frequen-

166 4983 450 5049 tissime
507 4983 672 5046 enim
719 4980 1184 5048 substantivum
1229 4980 1503 5063 positum
1562 4981 1624 5042 in
1669 4980 2062 5043 nominativo
2107 4981 2531 5065 praemittitur
2572 4979 2889 5043 infinitivo
2936 4977 3133 5050 verbi,

171 5086 354 5150 unde
407 5084 670 5170 pendet,
719 5083 1054 5148 subiuncto
1099 5103 1242 5144 eum
1278 5103 1491 5165 praep.
1539 5083 1642 5144 do:
1691 5081 2014 5144 ὠνῆται-Μή
2043 5083 2229 5142 timna
2256 5082 2363 5143 de'e
2394 5082 2842 5144 ‹lochomalnad
2884 5083 3137 5159 (neces-

169 5212 244 5256 se
295 5195 416 5252 est
476 5183 836 5255 mandatnm
891 5183 992 5256 dei
1051 5171 1334 5276 impleri)
1381 5179 1524 5250 Wb.
1576 5183 1692 5249 102
1779 5183 2027 5248 maida
2076 5185 2263 5247 inuiis
2312 5183 2453 5248 bula
2506 5183 2587 5247 do
2641 5183 2963 5246 aceatdam
3006 5180 3139 5267 (est
