3717 5642
541 410 914 478 XXXVIII
1607 427 2013 476 Pnoommm
2054 427 2385 474 snt-roms.

543 597 798 682 longius
842 598 1014 664 vitae
1057 598 1331 684 spatium
1375 597 1434 662 ei
1478 596 1793 676 licuisset,
1851 594 1933 660 ad
1988 597 2252 661 eandem
2296 595 2427 660 fere
2483 594 2563 658 de
2603 593 2723 656 hac
2775 613 2841 655 re
2888 589 3265 656 sententiam
3318 612 3464 674 pro-

547 728 802 793 gressus
844 707 1051 789 fuerit,
1099 729 1282 793 quam
1327 728 1448 771 nos
1478 707 1570 792 (p.
1604 709 1684 770 54
1717 706 1845 792 sq.)
1888 707 2356 793 proposuimus,

712 818 850 885 Nec
892 820 1123 885 desunt
1164 817 1588 883 correctiones
1642 839 1854 881 eorum
1912 837 2076 902 quae
2130 816 2209 881 ad
2254 813 2695 902 etymologiam
2740 821 3051 898 spectant.
3136 809 3228 875 Ut
3280 809 3361 873 ad
3402 832 3463 892 p.

545 930 668 993 849
714 929 851 1014 ipse
883 929 1228 1008 adnotavit,
1273 950 1389 1013 pro
1421 949 1634 1012 praep.
1666 927 1826 991 sech-
1857 927 1927 990 in
1954 927 2483 1012 compositionem
2527 927 2761 989 intrare
2802 923 3062 986 sormam
3094 921 3319 985 sechm-
3361 920 3467 982 vel

543 1039 842 1120 &dama-3
911 1039 992 1102 ad
1035 1061 1099 1125 p.
1132 1040 1254 1103 995
1300 1036 1537 1122 duplici
1581 1057 1790 1100 errore
1837 1036 2087 1100 sublato
2131 1045 2305 1102 recte
2351 1035 2640 1101 distinxit
2682 1045 2745 1098 et
2785 1035 3035 1118 airian
3078 1033 3157 1097 ab
3202 1033 3363 1092 aim‘c
3404 1039 3468 1093 et

546 1147 756 1211 rddim
786 1171 826 1212 a
855 1149 1160 1229 dordtim3
1209 1147 1286 1212 ad
1319 1169 1380 1233 p.
1417 1147 1577 1212 1007
1623 1145 1863 1210 delevit
1887 1145 2114 1212 salsam
2141 1145 2723 1231 interpretationem
2765 1143 3003 1208 formae
3045 1140 3463 1204 immone-{oieb

547 1255 644 1339 (=
685 1258 1144 1342 immincloick).

711 1365 995 1432 Plurima
1030 1376 1240 1432 tamen
1282 1366 1392 1431 ille
1437 1365 1682 1430 addidit
1721 1365 1826 1430 vel
1853 1364 2119 1430 novavit
2161 1363 2239 1428 de
2270 1363 2513 1428 ratione
2556 1371 2622 1428 et
2646 1362 2918 1428 flexione
2962 1359 3162 1426 verbi.
3250 1358 3343 1426 Ut
3384 1361 3465 1424 ad

545 1498 606 1561 p.
641 1477 764 1541 415
811 1476 1139 1543 adnotavit
1179 1476 1491 1562 particula
1519 1497 1589 1540 ro
1634 1475 1980 1561 significari
2026 1475 2293 1540 futurum
2328 1483 2635 1554 exactum,
2682 1472 2852 1559 quod
2883 1493 3069 1558 quam
3110 1493 3311 1558 prope
3356 1472 3468 1534 ab·

550 1584 634 1651 sit
680 1608 719 1650 a
752 1587 1036 1668 veritate,
1081 1586 1360 1651 cernitur
1400 1586 1707 1672 exemplis
1753 1585 2162 1665 coniunctivi,
2208 1605 2371 1670 quae
2418 1585 2513 1649 ed.
2545 1583 2631 1648 ΙΙ.
2663 1586 2788 1650 413
2818 1605 2911 1668 sq.
2942 1583 3067 1646 442
3111 1581 3216 1646 vel
3244 1582 3325 1646 ab
3356 1581 3468 1646 illo

551 1697 915 1782 accepimus
959 1695 1066 1761 vel
1091 1696 1220 1783 ipsi
1266 1696 1654 1781 collegimus,
1731 1694 1908 1759 Idem
1954 1695 2033 1760 de
2063 1695 2107 1757 d
2146 1693 2541 1780 pleonastice
2586 1693 2801 1758 addita
2842 1702 2990 1780 post
3017 1713 3187 1756 ceme-
3226 1691 3470 1756 monuit

551 1803 661 1889 (cf.
703 1805 897 1871 Beitr.
942 1805 1022 1872 V.
1055 1807 1135 1870 67
1168 1805 1358 1892 sqq.).
1447 1806 1553 1870 Ad
1595 1830 1658 1893 p.
1689 1809 1815 1871 440
1856 1816 2029 1871 recte
2069 1806 2319 1869 notavit
2342 1807 2607 1890 fortiay,
2652 1804 2891 1888 conta'iy
2950 1823 3083 1867 non
3124 1801 3279 1866 illuc
3320 1824 3468 1887 per-

549 1913 773 1995 tinere,
821 1915 934 1980 sed
979 1917 1060 1981 ad
1091 1917 1321 1982 seriem
1363 1916 1612 1982 tertiam
1657 1915 1879 2001 (quam
1922 1917 2183 2002 primam
2228 1936 2347 1979 nos
2380 1912 2873 1996 constituimus).
2958 1911 3065 1976 Ad
3108 1935 3172 1996 p.
3202 1911 3327 1974 436
3374 1919 3469 1975 at-

551 2023 698 2088 tulit
741 2026 1034 2111 exempla
1077 2025 1269 2090 futuri
1315 2025 1456 2092 sine
1502 2026 1536 2089 b
1576 2023 1824 2091 formati
1872 2049 1907 2091 e
1949 2025 2245 2090 thematis
2291 2023 2729 2090 desinentibus
2774 2022 2840 2086 in
2883 2030 3107 2100 mutas,
3154 2043 3191 2086 e
3234 2023 3469 2108 quibus

549 2134 718 2218 quod
771 2158 966 2200 unum
1026 2136 1178 2201 olim
1217 2136 1568 2222 protulerat
1606 2145 1921 2221 tamquam
1978 2135 2337 2221 praesentis
2394 2135 2684 2214 sormam,
2740 2136 2816 2196 ni
2860 2132 3041 2218 qebat
3094 2129 3253 2214 (non
3296 2133 3468 2197 acci-

547 2243 775 2329 pient),
821 2266 944 2310 nos
988 2268 1238 2332 quoque
1281 2245 1487 2311 futuro
1531 2245 1923 2312 restituimus
1968 2245 2195 2329 (Beitr.
2238 2244 2359 2310 III.
2407 2247 2531 2310 262
2564 2244 2723 2330 sq.);
2782 2251 3133 2309 ceterorum
3178 2241 3469 2307 eiusdem

553 2353 951 2419 formationis
995 2356 1424 2442 exemplorum
1483 2355 1660 2420 auxit
1703 2354 1952 2441 copiam
1990 2377 2097 2441 pp.
2117 2357 2281 2422 ·439.
2326 2355 2469 2418 443.
2560 2351 2875 2438 Congruit
2918 2375 3062 2418 cum
3106 2351 3234 2430 his,
3294 2352 3467 2438 quod

548 2463 628 2528 ad
670 2486 732 2551 p.
775 2466 896 2529 457
953 2485 1104 2530 vere
1145 2464 1396 2529 monuit
1434 2464 1695 2530 formam
1747 2464 2081 2530 relativam
2119 2463 2303 2550 yebae
2358 2464 2506 2549 (qui
2546 2463 2849 2548 accipiet)
2907 2483 3051 2528 esse
3104 2460 3297 2525 futuri
3354 2460 3467 2544 (cf.

545 2571 587 2635 l.
635 2593 690 2636 c.
743 2571 866 2639 III.
908 2573 1081 2657 265).
1178 2573 1422 2638 Ibidem
1479 2575 1534 2636 2.
1581 2596 1748 2660 pers.
1792 2573 2057 2661 pluralis
2114 2573 2375 2639 formam
2435 2571 2765 2637 relativam
2830 2571 3151 2658 praeclare
3205 2573 3474 2655 agnovit

549 2681 692 2746 bede
733 2681 934 2768 (quod
979 2682 1154 2767 sitis)
1197 2683 1266 2746 in
1309 2682 1430 2748 hoc
1475 2684 1800 2770 exemplo:
1845 2683 2157 2764 coniefidsi
2198 2682 2341 2746 bede
2364 2684 2705 2768 preceptori
2743 2681 3065 2768 (poteritis
3110 2703 3254 2746 esse
3282 2703 3476 2770 prae-

548 2791 902 2877 ceptores),
960 2814 1258 2878 quocum,
1319 2792 1441 2858 etsi
1485 2792 1646 2858 haec
1685 2794 1831 2878 ipsa
1872 2793 2074 2858 forma
2113 2815 2233 2858 nos
2276 2793 2557 2878 fugerat,
2615 2801 2828 2856 tamen
2873 2790 3258 2858 conferenda
3299 2803 3472 2872 sunt,

549 2922 712 2986 quae
759 2901 800 2966 l.
848 2925 903 2968 c.
951 2901 1414 2988 disputavimus
1458 2900 1607 2984 (III.
1643 2904 1814 2986 267).
1902 2902 2010 2967 Ad
2052 2925 2113 2988 p.
2159 2905 2283 2966 442
2338 2902 2509 2966 idem
2553 2900 2797 2966 addidit
2840 2900 3130 2986 exempla
3170 2898 3476 2966 termina-

545 3012 742 3077 tionis
784 3011 866 3093 D,
915 3033 950 3076 e
995 3013 1224 3097 quibus
1268 3011 1431 3076 hanc
1461 3012 1783 3097 praeteriti
1822 3011 2261 3077 formationem
2306 3011 2453 3096 (per
2482 3022 2505 3074 t
2544 3011 2805 3096 factam)
2850 3021 3116 3097 apparet
3154 3031 3285 3074 non
3314 3032 3476 3076 con—

547 3121 738 3187 tineri
775 3120 860 3187 iis
901 3122 1134 3202 verbis,
1181 3143 1445 3208 quorum
1487 3121 1763 3188 themata
1802 3121 2064 3207 liquidis
2108 3122 2521 3186 terminentur
2580 3129 2689 3185 aut
2730 3120 3172 3222 gutturalibus.
3262 3119 3477 3186 Pluri-

549 3255 714 3297 mum
776 3253 926 3298 vero
971 3232 1189 3297 valent
1233 3232 1312 3296 ad
1359 3232 1782 3318 effingendam
1841 3231 2135 3296 flexionis
2187 3231 2556 3316 imaginem,
2616 3253 2779 3316 quae
2822 3230 2929 3296 ille
2975 3209 3342 3296 observavit
3384 3234 3472 3297 ad

547 3365 610 3428 p.
640 3344 785 3405 444.
873 3341 1004 3407 Ubi
1055 3365 1186 3407 non
1229 3343 1412 3408 modo
1457 3342 1788 3428 perspexit
1833 3341 2051 3404 lab-mr
2094 3340 2377 3427 (loquar)
2438 3349 2505 3404 et
2560 3339 2803 3405 similes
2842 3340 3077 3406 formas
3126 3363 3269 3406 esse
3316 3363 3475 3408 con-

553 3451 820 3516 iunctivi
865 3451 1032 3516 sicut
1073 3453 1139 3515 τά
1182 3451 1364 3536 (sim)
1419 3475 1481 3538 p.
1522 3454 1646 3517 477
1662 3476 1678 3530 ;
1735 3472 1955 3516 verum
2000 3451 2190 3515 etiam
2240 3450 2695 3516 demonstravit
2736 3450 3027 3536 exemplo
3072 3451 3310 3516 formae
3358 3453 3473 3516 do-

547 3564 868 3626 mointerso
912 3560 1026 3646 (gl.
1073 3561 1400 3626 existimas
1447 3571 1652 3626 autem
1667 3561 1727 3645 Ρ)
1773 3559 1923 3627 Wb.
1962 3565 2035 3642 1‘,
2094 3559 2275 3625 verbi
2320 3559 2699 3646 deponentis
2746 3561 2804 3626 2.
2849 3581 3021 3647 pers.
3078 3560 3241 3647 sing.
3302 3562 3480 3626 sicut

556 3672 802 3737 tertiam
849 3691 966 3756 per
995 3683 1019 3733 t
1048 3668 1173 3753 (th)
1215 3670 1490 3736 formari.
1579 3668 1782 3735 Cuius
1825 3670 2064 3735 formae
2114 3679 2407 3755 quattuor
2448 3679 2779 3756 praeterea
2806 3669 3099 3756 exempla
3138 3670 3477 3736 indicativi

550 3781 908 3867 praesentis
950 3781 1224 3866 repperi,
1269 3779 1500 3865 quibus
1543 3780 1766 3845 nescio
1810 3801 1893 3844 an
1922 3779 2279 3845 addendum
2322 3779 2407 3845 sit
2434 3779 2978 3844 tarsatochuirtlter
3018 3780 3244 3865 (super
3284 3802 3481 3866 quem

549 3891 738 3977 ponis
755 3889 844 3975 Ρ),
891 3890 960 3954 in
1005 3912 1130 3976 quo
1173 3889 1649 3976 interpretando
1695 3875 1921 3975 (super
1963 3911 2150 3975 quem
2192 3888 2475 3975 ponitur)
2521 3889 2618 3954 ed.
2650 3888 2739 3954 Π.
2773 3891 2895 3954 342
2956 3889 3077 3954 iam
3120 3910 3349 3954 vereor
3389 3913 3481 3954 ne

551 4009 783 4065 temere
833 4009 1093 4066 secutus
1139 4001 1258 4066 sim
1287 3999 1461 4065 illius
1493 3998 1960 4079 auctoritatem3
2008 4021 2198 4063 unum
2228 3998 2644 4080 coniunctivi3
2688 4021 2899 4080 unum,
2946 3999 3014 4062 ni
3041 3997 3242 4078 fallor,
3286 4020 3483 4083 prae-
3554 4009 3571 4022 ⁶

558 4108 761 4173 teriti:
793 4111 1116 4193 fomentav-
1161 4108 1490 4193 (opinatus
1537 4109 1656 4191 es),
1703 4109 1873 4195 quod
1916 4107 2025 4174 ille
2072 4108 2292 4173 tribuit
2329 4109 2731 4194 imperativ03
2778 4107 2905 4172 alia
2945 4107 3071 4174 vid.
3117 4107 3185 4172 in
3227 4107 3402 4173 Add.

717 4216 820 4282 De
852 4217 1197 4284 hibernicis
1228 4218 1567 4298 hactenus3
1615 4219 1694 4282 de
1725 4217 2061 4283 cambricis
2094 4228 2298 4283 autem
2333 4237 2493 4301 quae
2520 4217 2663 4302 ipse
2708 4239 2821 4282 suo
2852 4215 3197 4300 exemplari
3228 4217 3481 4303 ascrip-

549 4329 651 4408 sit,
699 4327 856 4392 haec
897 4327 1028 4392 fere
1073 4339 1223 4392 sunt
1250 4326 1774 4393 memorabiliora.
1861 4327 1969 4392 Ad
1997 4349 2059 4412 p.
2092 4328 2215 4392 218
2260 4327 2589 4392 adnotavit
2630 4326 3099 4392 destitutionem
3141 4326 3279 4390 fieri
3322 4339 3487 4412 post

551 4437 1082 4523 praepositionem
1129 4449 1220 4500 att
1263 4435 1434 4520 (ad),
1493 4437 1756 4501 eandem
1801 4445 1949 4521 post
1990 4439 2117 4500 dan
2163 4436 2347 4519 (sub)
2390 4435 2469 4499 ad
2511 4457 2573 4520 p.
2612 4435 2753 4499 643.
2844 4435 2949 4498 Ad
2992 4457 3099 4522 pp.
3138 4437 3280 4500 295.
3325 4436 3479 4500 297.

548 4548 670 4612 298
716 4546 1254 4610 substantivorum
1284 4546 1588 4630 pluralem
1619 4547 1931 4610 cambrice
1976 4567 2227 4630 quoque
2255 4545 2313 4610 R.
2354 4545 2752 4609 terminatum
2795 4543 3137 4609 illustravit
3176 4545 3483 4629 exemplo

543 4677 871 4742 qaeoaewar,
912 4678 1170 4740 ywere-391·
1213 4655 1360 4740 (sed
1405 4656 1482 4722 cf.
1531 4655 1751 4738 Add.),
1797 4657 1866 4718 in
1909 4667 2060 4718 -awt
2104 4655 2499 4720 desinentem
2542 4652 2831 4738 exemplo
2868 4665 3141 4737 pyscawt
3168 4651 3485 4738 (pisces).

553 4763 1064 4850 Comparationis
1108 4766 1342 4851 gradus
1389 4788 1424 4831 e
1467 4764 1883 4831 substantivis
1928 4765 2248 4830 derivatos
2294 4763 2594 4850 apposuit
2632 4763 2712 4826 ad
2742 4785 2803 4848 p.
2838 4763 2980 4828 305.
3066 4761 3351 4826 Tandem
3395 4765 3495 4830 ad

551 4899 613 4961 p.
647 4876 771 4939 396
817 4875 1052 4942 adiecit
1091 4897 1439 4961 pronomen
1481 4875 1925 4961 possessivum
1968 4877 2026 4939 3.
2072 4897 2238 4960 pers.
2284 4875 2451 4958 sing.
2500 4873 2761 4938 infixum
2808 4895 2953 4938 cum
2998 4872 3495 4958 praepositione

552 5007 596 5070 y
642 4985 785 5069 (ad)
831 5008 960 5050 non
1007 4985 1213 5050 solum
1255 4985 1320 5049 in
1365 5007 1452 5066 oe,
1502 4985 1616 5050 sed
1662 4985 1848 5050 etiam
1894 4985 1961 5048 in
2000 5007 2099 5070 μω
2142 4982 2518 5069 transgredi.

718 5095 903 5160 Haec
944 5095 1074 5160 fere
1106 5105 1255 5160 sunt
1297 5117 1458 5180 quae
1490 5097 1731 5162 sedulis
1777 5117 1853 5160 ac
1884 5093 2295 5180 diligentibus
2328 5094 2445 5158 viri
2490 5093 2660 5160 curis
2692 5102 2893 5174 aucta,
2939 5092 3211 5174 adiecta,
3252 5115 3501 5158 emen-—

555 5206 702 5271 data
743 5206 1134 5285 invenimus;
1179 5228 1442 5290 quorum
1487 5207 1605 5271 etsi
1655 5205 1979 5290 aliquanto
2023 5204 2231 5269 minor
2272 5205 2461 5288 copia
2502 5214 2601 5268 est
2642 5225 2831 5288 quam
2876 5201 3328 5287 exemplorum,
3376 5215 3503 5272 ta-
