3717 5642
496 349 620 413 514
689 351 832 411 (514)
1157 346 1279 412 ΠΙ.
1324 347 1382 410 ’2.
1449 363 1650 410 vnum
1691 365 1869 412 sarr.
1914 363 2142 412 Aorrvr
2184 363 2365 412 com.
2412 363 2498 410 ιιί·
2546 363 2703 412 or‘r.

661 533 834 598 Plur.
887 538 944 599 1.
992 556 1160 620 perS.
1209 533 1442 598 cambr.
1481 529 1643 596 OM:
1690 555 1768 596 ar·
1813 535 1999 596 meint
2039 533 2321 617 mwyhaf
2354 533 2581 596 aallom
2622 532 2697 594 ni
2732 551 2765 593 ο
2798 531 2965 594 drwc
2992 552 3271 594 awnaum
3294 549 3419 614 yno

497 635 592 719 (et
635 646 1194 722 quantumcunque
1239 632 1584 720 poterimus
1629 655 1760 700 nos
1805 635 1955 700 mali
1997 633 2304 699 faciemus
2348 634 2470 719 ibi)
2512 633 2687 699 Mab.
2732 633 2791 713 2,
2838 633 2982 698 242.
3060 633 3201 694 duw
3246 653 3421 714 awyr

507 751 616 802 nat
653 738 1022 824 yozackoelwn
1063 738 1168 821 hyn
1201 758 1379 821 pann
1421 736 1671 799 welleom
1707 759 1752 821 y
1795 758 2049 822 uorwyn
2092 735 2281 821 (deus
2314 735 2437 800 scit
2478 758 2597 801 nos
2641 758 2772 800 non
2800 755 3169 800 reversuros
3214 731 3423 796 donec

501 840 845 905 viderimus
889 838 1198 926 puellam)
1245 839 1303 918 2,
1338 839 1480 902 217.
1545 859 1626 921 yr
1670 837 1829 902 αἰτεῖ)
1867 860 2055 923 yoreu
2098 837 2364 922 aqaffom
2408 841 2635 902 ninneu
2678 837 3016 924 (optimum
3045 855 3423 920 responsum

499 940 667 1026 quod
713 941 1101 1026 accipiemus
1145 939 1295 1022 nos)
1355 937 1414 1019 3,
1458 939 1558 1002 95.
1635 938 1742 1023 hyt
1775 962 1908 1024 pan
1952 939 2285 1023 dyst-etwas.
2340 941 2411 1002 ‹h'
2460 950 2573 1002 nat
2609 941 2778 1024 ydiw
2830 961 2873 1022 y
2916 958 3169 1020 uorwyn
3222 935 3425 998 bonno

503 1065 630 1127 yny
691 1043 808 1128 byc.
869 1066 988 1106 neu
1031 1045 1258 1104 ninneu
1316 1062 1388 1102 ae
1427 1039 1670 1124 lcaffom.
1727 1052 1836 1124 τιμε
1888 1063 2174 1124 yscarwn
2228 1041 2362 1103 atha·
2410 1039 2646 1124 (donec
2700 1039 2938 1104 dixeris
2992 1047 3059 1100 tu
3102 1060 3233 1102 non
3276 1059 3423 1102 esse

507 1145 784 1228 puellam
827 1144 1000 1208 illam
1043 1144 1111 1206 in
1141 1141 1376 1206 mundo
1423 1151 1530 1204 aut
1572 1163 1692 1205 nos
1724 1163 1866 1206 cam
1896 1142 2343 1224 invenerimus,
2388 1164 2517 1207 non
2548 1143 2946 1207 discedemus
2980 1163 3019 1204 a
3044 1139 3137 1222 te)
3185 1140 3243 1218 2,
3276 1140 3423 1202 ⁶213.

670 1242 862 1312 Corn.
913 1243 1034 1308 YN
1080 1244 1220 1312 sine
1266 1243 1489 1324 dubio,
1547 1241 1670 1308 etsi
1722 1242 2014 1329 exempla
2062 1240 2192 1308 fere
2238 1251 2385 1308 sunt
2438 1243 2708 1308 incerta:
2798 1265 2902 1306 ma
2938 1240 3118 1325 yllyn
3159 1261 3285 1302 'mos
3330 1239 3429 1302 the

504 1367 680 1430 soper
734 1345 837 1427 (ut
889 1345 1206 1431 possimus
1263 1345 1354 1410 ire
1409 1345 1732 1429 cenatum)
1791 1342 1871 1408 D.
1919 1345 2060 1408 708.
2148 1367 2292 1429 vnay
2334 1345 2545 1429 hyllyn
2599 1343 2701 1428 (ut
2742 1343 3095 1429 possimus)
3152 1342 3234 1407 D.
3276 1344 3425 1408 625.

509 1446 688 1512 1250.
738 1447 918 1511 1625.
968 1448 1150 1510 1771.
1217 1469 1309 1532 Py
1352 1447 1406 1509 le
1437 1467 1642 1531 penny
1689 1468 1762 1531 ys
1799 1445 2010 1530 kyffyn
2064 1444 2459 1530 (ubicunque
2516 1443 2584 1508 id
2626 1443 3055 1530 inveniemus)
3110 1443 3193 1508 D.
3246 1445 3431 1510 1551.

502 1547 800 1631 branchys
855 1546 996 1631 olyf
1031 1568 1166 1631 pan
1223 1545 1430 1632 kyffyn
1485 1545 1723 1630 (ramos
1779 1547 2087 1612 olivarum
2142 1545 2199 1611 si
2252 1545 2682 1628 inveniemus)
2737 1543 2818 1608 D.
2861 1546 3003 1610 244.
3080 1545 3225 1631 quel
3264 1546 3433 1633 hayla

500 1648 674 1732 yllyn
719 1649 942 1735 (quam
985 1646 1220 1731 optime
1267 1647 1642 1734 poterimus)
1687 1646 1769 1713 D.
1802 1649 1945 1712 246.

677 1751 895 1814 Arem.
940 1747 1101 1812 IMP
1149 1757 1218 1812 ut
1259 1748 1449 1814 hodie
1495 1748 1792 1834 (optativi
1836 1748 2096 1832 forma):
2142 1770 2279 1810 maz
2322 1747 2593 1832 veohimp
2636 1746 2737 1831 (ut
2762 1747 3086 1832 vivamus)
3132 1748 3292 1814 Buh.
3324 1751 3431 1831 52,

513 1853 605 1914 15.
679 1861 862 1934 petra
913 1871 1048 1912 vesto
1104 1875 1145 1914 a
1199 1851 1497 1936 auehymp
1553 1873 1634 1936 ny
1704 1850 1901 1936 (quid
1958 1850 2077 1914 erit
2134 1848 2304 1935 quod
2364 1848 2727 1936 parabimus
2782 1850 2991 1934 nos?)
3046 1848 3183 1914 MJ.
3226 1851 3433 1916 2001).

507 1951 747 2016 Tamen
792 1951 978 2015 etiam
1026 1949 1214 2017 OMP
1272 1952 1437 2036 (veri
1483 1951 1936 2035 coniunctivi):
1997 1973 2134 2014 maz
2178 1949 2575 2035 labourltomp
2618 1973 2702 2036 ny
2740 1955 2991 2036 yracius
3035 1951 3138 2036 (ut
3180 1953 3433 2018 labore-

501 2075 640 2118 mus
683 2073 803 2118 nos
848 2052 1156 2138 gratiose)
1200 2051 1337 2118 MJ.
1375 2055 1494 2118 155
1512 2055 1568 2119 b.
1627 2075 1768 2116 mao-
1810 2055 1929 2118 deu
1968 2063 2060 2116 ret.
2090 2101 2105 2115 .
2133 2095 2147 2109 ·
2173 2101 2188 2115 .
2214 2054 2365 2116 cle-en
2405 2073 2583 2116 maru
2626 2064 2899 2138 entromp
2952 2075 3018 2117 ez
3058 2075 3301 2140 recomp
3347 2079 3433 2141 ny

502 2154 594 2239 (si
635 2176 902 2220 necesse
949 2164 1048 2220 est
1092 2165 1290 2222 morte
1333 2155 1499 2219 inter
1541 2177 1660 2220 nos
1707 2178 2073 2242 separemur
2112 2154 2265 2237 nos)
2310 2154 2391 2218 37
2408 2155 2467 2218 b.

670 2257 728 2320 2.
773 2278 941 2341 pers.
989 2258 1224 2322 cambr.
1272 2254 1490 2322 OCH:
1539 2280 1634 2323 „ac
1675 2257 1804 2320 mal
1841 2281 1887 2342 y
1916 2258 2174 2322 crettoch.
2217 2257 2353 2320 doec
2393 2277 2479 2318 zm
2520 2254 2845 2320 ohonawch
2887 2257 2985 2341 (et
3026 2267 3096 2322 ut
3124 2258 3431 2338 credatis,

505 2358 719 2423 veniat
761 2381 924 2423 unus
971 2380 1006 2423 e
1050 2358 1266 2442 vobis)
1309 2357 1482 2423 Mab.
1515 2359 1574 2440 2,
1607 2359 1751 2426 234.
1809 2382 1886 2423 ao
1921 2381 2049 2444 yny
2092 2358 2353 2445 aqoroclc
2390 2379 2433 2442 y
2478 2357 2641 2420 dnos
2666 2407 2678 2421 .
2708 2407 2723 2422 .
2751 2407 2765 2421 .
2790 2380 2835 2443 y
2871 2359 3121 2446 yellwck
3164 2372 3270 2424 not
3304 2383 3435 2445 yno

505 2509 520 2523 .
548 2509 562 2523 .
590 2508 604 2522 .
633 2482 708 2523 ac
761 2481 830 2521 or
864 2481 1043 2544 pann
1087 2460 1348 2546 aqoroch
1398 2483 1441 2546 y
1484 2461 1644 2523 dra-⁸
1687 2461 1925 2524 kwnnw
1972 2483 2056 2546 ny
2098 2459 2306 2525 ella-ek
2346 2469 2451 2522 uot
2486 2481 2609 2544 yno
2664 2459 2761 2544 (et
2804 2461 3007 2526 donec
3048 2461 3435 2547 aperueritis

499 2570 772 2646 portam,
829 2561 1118 2647 poteritis
1165 2581 1310 2626 esse
1353 2560 1475 2642 ibi;
1545 2569 1607 2626 et
1663 2583 1744 2628 ex
1786 2584 1913 2650 quo
1968 2561 2343 2649 aperueritis
2398 2569 2649 2646 portam
2690 2560 2897 2642 illam,
2952 2584 3085 2628 nou
3136 2563 3436 2649 poteritis

415 2735 422 2744 .
508 2681 652 2725 esse
696 2661 819 2745 ibi)
867 2663 925 2742 3,
960 2662 1060 2726 98.

677 2759 869 2828 Corn.
917 2761 1204 2829 OUGH:
1246 2763 1548 2850 qolyouy'k
1589 2763 1672 2828 ha
1691 2765 1960 2850 peeouqh
2000 2787 2091 2828 ow
2131 2779 2243 2849 30⁸
2284 2783 2431 2849 may
2476 2761 2767 2848 hallouqh
2808 2783 2936 2828 moe
2976 2778 3057 2850 331
3087 2763 3255 2829 asecle
3296 2763 3434 2848 (vi-

505 2861 696 2947 gilate
731 2873 794 2927 et
823 2875 998 2928 orate
1029 2873 1272 2951 patrem
1300 2886 1527 2944 meum,
1577 2872 1643 2928 ut
1670 2865 1937 2950 possitis
1980 2866 2075 2930 ire
2104 2865 2187 2930 ad
2218 2864 2435 2930 sedem
2466 2862 2635 2947 eius)
2667 2862 2742 2927 Ρ.
2776 2864 2877 2945 52,
2910 2866 2969 2929 3.
3024 2865 3107 2928 ka
3148 2885 3243 2928 ‘me
3284 2887 3326 2928 α
3352 2885 3439 2928 ra

504 2963 599 3026 the
641 2966 792 3027 mist
831 2985 1028 3028 amme
1069 2987 1214 3049 may
1253 2965 1543 3052 hallouyh.
1581 2989 1625 3051 y
1651 2989 1985 3031 asewonvos
2016 2966 2113 3051 (et
2141 2987 2259 3052 ego
2292 2964 2624 3033 Christum
2666 2965 3022 3046 osculabor,
3068 2973 3137 3028 ut
3164 2964 3439 3050 possitis

506 3084 650 3127 eum
696 3066 1115 3150 cognoscere)
1161 3067 1260 3147 63,
1293 3068 1353 3131 4.
1415 3089 1546 3152 pon
1583 3068 1937 3154 vynnouqk,
1990 3089 2121 3152 pan
2164 3068 2445 3154 vynnoylc
2500 3066 2591 3152 (si
2633 3065 2860 3149 vultis)
2904 3067 3005 3148 37,
3046 3069 3109 3130 4.
3150 3063 3234 3130 D.
3282 3068 3435 3130 545·

501 3163 714 3256 pakan
756 3165 1008 3250 cheyeon
1050 3187 1121 3228 aa
1164 3165 1304 3230 bues
1341 3169 1476 3252 why
1521 3191 1588 3232 er
1630 3170 1748 3256 byn
1788 3170 1957 3234 ihesu
1984 3190 2215 3232 nazare
2252 3191 2381 3254 pan
2410 3166 2733 3254 vynnouqh
2764 3188 2810 3251 y
2840 3167 3160 3252 thyatrewy
3190 3167 3417 3254 (quam

506 3285 767 3329 causam
812 3265 1060 3332 habetis
1103 3289 1222 3333 vos
1267 3268 1574 3336 adversus
1618 3270 1671 3335 I.
1703 3271 1784 3336 N.
1831 3293 2025 3357 quare
2068 3268 2287 3334 velitis
2332 3291 2476 3334 eum
2519 3267 2917 3352 destruereF)
2959 3267 3042 3338 D.
3078 3269 3438 3333 1970—72.

501 3387 632 3448 pan
671 3387 756 3450 yn
795 3368 1132 3455 qullouyh.
1173 3369 1264 3454 (si
1312 3392 1454 3435 eum
1496 3371 1830 3456 videbitis)
1876 3371 1951 3436 R.
1990 3371 2169 3436 1912.

673 3467 888 3532 Arem.
934 3468 1023 3534 ΙΤ
1070 3470 1230 3558 (opt.
1275 3470 1532 3557 forma):
1579 3495 1718 3536 maz
1760 3474 1955 3538 dereit
1996 3473 2099 3558 (ut
2123 3470 2579 3556 manifestetis)
2622 3471 2785 3537 Buh.
2817 3471 2919 3553 36,
2957 3472 3054 3556 19,
3098 3479 3438 3557 praeterea

503 3565 618 3632 ET
672 3567 820 3652 (sed
872 3569 1086 3635 addito
1139 3572 1179 3635 l.
1237 3571 1534 3638 differens
1600 3597 1638 3638 a
1689 3597 1897 3660 praes.
1954 3572 2315 3660 primario):
2383 3595 2520 3658 pan
2572 3571 2823 3655 qum-het
2877 3572 2968 3658 (si
3008 3571 3233 3656 vultis)
3292 3570 3435 3637 MJ.

503 3669 585 3733 48
601 3693 658 3734 a.
709 3691 825 3753 nep
869 3694 910 3733 a
953 3671 1202 3754 queo-ket
1245 3673 1722 3761 (quemcunque
1753 3675 1977 3759 vultis)
2028 3674 2147 3739 168
2160 3696 2217 3738 a.
2284 3675 2367 3738 da
2410 3671 2552 3738 ober
2590 3675 2762 3738 seder
2804 3699 2847 3738 a
2888 3673 3135 3760 querket
3174 3671 3289 3755 (ad
3330 3672 3431 3738 fa-

507 3769 803 3835 ciendum
861 3781 1032 3837 certe
1087 3774 1257 3859 quod
1304 3776 1592 3862 voletis),
1655 3799 1728 3842 en
1770 3795 2027 3861 manyer
2068 3797 2204 3838 maz
2249 3773 2566 3839 diliberhet
2616 3772 2777 3858 (qua
2828 3775 3074 3842 ratione
3118 3773 3435 3840 delibera-

509 3869 689 3952 bitis)
733 3872 813 3936 45
827 3891 882 3935 a.
938 3895 1076 3938 maz
1118 3875 1339 3939 mio-het
1381 3877 1484 3960 (ut
1512 3877 1918 3963 custodiatis)
1955 3878 2143 3942 168a.
2204 3872 2473 3960 quelhas
2498 3894 2640 3938 maz
2662 3875 2902 3959 quelhet
2944 3875 3166 3962 (quam
3194 3875 3437 3961 optime

516 3971 838 4058 poteritis)
863 3974 942 4037 45
959 3973 1016 4039 b.
1073 3995 1206 4038 mot.
1237 3988 1348 4059 pet
1387 3999 1501 4040 om·
1541 3999 1602 4041 se
1645 4000 1708 4042 ez
1739 3977 2012 4042 autrehet
2055 3976 2195 4061 (oro
2227 3997 2345 4040 vos
2374 3982 2716 4060 propterea
2756 3985 2827 4040 ut
2852 3973 3242 4062 praebeatis)
3276 3973 3357 4040 35
3372 3997 3435 4040 a.

507 4095 644 4136 maz
688 4072 880 4158 sefhet
923 4072 1024 4157 (ut
1066 4077 1372 4163 surgatis)
1423 4079 1609 4143 176a.
1665 4101 1804 4143 maz
1841 4077 2075 4165 yoellzet
2117 4077 2218 4161 (ut
2256 4075 2632 4160 lacrimetis)
2668 4075 2785 4139 125
2802 4077 2860 4144 b.
2948 4075 3121 4142 Hod.
3152 4086 3260 4156 -ot,
3302 4075 3437 4140 iam

507 4172 677 4258 apud
723 4171 896 4240 Man.

679 4275 736 4339 3.
781 4297 950 4359 pers.
997 4277 1227 4343 cambr.
1277 4276 1517 4360 OINT,
1567 4276 1776 4345 ONT:
1833 4299 1949 4364 eny
1986 4275 2231 4362 kafoent
2274 4289 2390 4362 tyr.
2448 4277 2661 4362 breynt
2700 4289 2833 4364 ειμι·
2876 4277 3133 4362 akafont
3191 4277 3439 4363 (donec

511 4373 876 4456 acceperint
935 4385 1196 4458 terram3
1264 4379 1668 4466 privilegium
1737 4389 1944 4444 terrae
1996 4400 2185 4464 quam
2241 4378 2637 4464 acceperint)
2700 4378 2857 4466 Leg.
2920 4383 2973 4461 1,
3021 4382 3079 4460 5,
3129 4381 3228 4444 12.
3296 4401 3441 4464 pan

507 4487 774 4539 uenoent.
827 4498 958 4560 pan
1009 4491 1264 4542 ranoent
1330 4480 1416 4564 (si
1469 4481 1812 4562 voluerint3
1874 4481 1929 4545 si
1988 4478 2302 4563 divident)
2349 4479 2421 4563 [1,
2463 4479 2521 4560 9,
2563 4480 2663 4544 22.
2726 4483 2821 4562 14,
2865 4482 2923 4545 7.
3008 4481 3217 4566 aphau
3257 4480 3440 4544 kam-

513 4575 796 4660 bwyllont
835 4575 972 4661 lzwy
1013 4600 1084 4642 or
1129 4579 1280 4643 Ileon
1319 4601 1364 4665 y
1408 4583 1636 4648 deuant
1679 4605 1773 4668 ἰι-3]
1809 4583 1919 4667 yth
1954 4581 2299 4668 yyrchudi.
2326 4630 2340 4643 .
2370 4629 2383 4642 .
2416 4581 2670 4666 aqwedy
2714 4604 2801 4644 na
2840 4583 3056 4646 welont
3094 4581 3231 4668 lucy
3276 4581 3443 4666 dydi

505 4679 673 4741 ‹It-wo
713 4679 834 4763 vyd
869 4691 1134 4766 qantunt
1176 4680 1272 4763 (et
1313 4661 1454 4746 cum
1489 4683 1927 4748 consuluerint
1968 4682 2060 4745 illi
2107 4705 2186 4746 ex
2214 4681 2388 4761 urbe,
2436 4681 2699 4746 venient
2728 4681 2785 4746 ·ii
2830 4683 3189 4770 quaesitum
3217 4690 3301 4764 te,
3330 4731 3346 4746 .
3375 4731 3392 4748 .
3421 4733 3437 4748 .

508 4789 571 4845 et
602 4802 745 4844 cum
787 4803 916 4846 non
948 4781 1222 4846 viderint
1249 4782 1344 4848 illi
1371 4791 1453 4864 te,
1501 4806 1758 4870 aegrum
1789 4784 1907 4849 erit
1934 4782 2048 4867 iis)
2080 4781 2252 4848 Mab.
2292 4784 2343 4864 1,
2374 4783 2470 4846 14.
2529 4781 2737 4868 aphau
2780 4783 3141 4849 decbr-enom
3168 4783 3289 4850 alw
3335 4782 3439 4867 (et

510 4903 650 4946 cum
693 4881 1004 4969 incipient
1047 4883 1349 4968 clamare)
1398 4887 1454 4968 2,
1489 4888 1545 4949 9.
1603 4909 1646 4971 y
1693 4885 1768 4951 Ile
1805 4886 1915 4971 yth
1952 4885 2191 4971 yaffont
2241 4882 2633 4970 (ubicunque
2676 4891 2739 4949 te
2780 4883 3143 4968 invenient)
3190 4883 3252 4966 3,
3284 4884 3435 4949 214.

506 4982 833 5154 {etusticg
879 4985 1078 5051 forma
1129 4984 1379 5052 videtur
1429 4973 1703 5053 AUNT:
1775 4988 2115 5052 cuinhazmt
2165 4985 2278 5070 (gl.
2326 4983 2611 5067 deflebit,
2676 5007 2878 5070 genus
2921 4986 3075 5066 hoc;
3130 4986 3170 5051 i.
3218 5009 3274 5052 e.
3322 4987 3438 5052 de-

551 5086 727 5169 cant)
831 5087 888 5153 b.
921 5091 1022 5153 55.
