3717 5642
947 375 1070 444 III.
1113 377 1174 442 2.
1242 391 1518 442 vmuu
1559 391 1738 440 narr.
1785 387 2326 440 suasa-mmmm.
2349 309 2381 341 ·
2630 373 2943 435 (536-537)
3004 371 3120 437 551

226 566 414 650 (nemo
461 561 632 648 erat)
671 561 810 630 ΜΠ.
855 565 1048 630 2048.
1115 563 1322 628 andoa
1363 574 1458 628 ret
1499 563 1744 648 (nonne
1783 571 1921 628 erat
1960 561 2397 629 necessarium
2410 558 2470 644 ἲ)
2514 560 2637 624 207
2650 559 2711 624 b.
2778 565 2984 626 andoa
3026 584 3127 626 en-

226 689 426 754 ompny
483 666 750 732 biv-vidie
785 717 800 732 .
827 715 842 732 .
871 715 884 732 .
927 667 1046 732 lum
1103 665 1282 730 ealon
1333 689 1418 751 ny
1472 664 1714 749 (nonne
1770 675 1907 731 erat
1958 666 2025 730 in
2068 665 2257 730 nobis
2308 663 2565 728 fervens
2608 673 2891 728 nostrum
2944 686 3055 730 eor
3068 666 3127 750 ?)

223 769 393 834 2091).
497 767 668 835 Item
727 768 898 854 apud
949 767 1128 834 Man.
1179 787 1256 831 ne
1297 768 1464 832 dorin
1505 779 1648 850 quet
1705 775 1822 833 ete.
1884 777 1949 832 et
1998 765 2209 832 hodie.
2316 765 2586 831 Rariora
2640 775 2791 830 sunt
2842 767 3133 851 exempla

224 873 556 937 innotarum
583 871 676 936 nd
713 879 864 957 post
887 893 965 935 ne
1007 869 1118 953 (ef.
1165 891 1336 936 eorn.
1367 891 1460 950 ns,
1493 865 1636 953 πῶς
1682 867 1967 952 nendous
1981 890 2097 954 pas
2121 867 2391 952 fantasy
2422 866 2583 951 (non
2612 889 2752 932 sum
2781 868 3127 953 spectrum)

222 971 334 1038 HJ.
371 973 489 1038 183
502 973 568 1038 b.
645 971 882 1036 nendeu
921 971 1048 1056 huy
1093 971 1254 1054 (non
1297 969 1453 1036 estis
1497 969 1674 1052 vos),
1721 971 1959 1034 nendeu
2000 989 2159 1053 quen
2202 967 2363 1052 (non
2406 976 2507 1033 est
2550 967 2841 1050 similis),
2894 970 3131 1034 nendeu

222 1087 340 1158 quet
363 1096 456 1160 ey,
491 1073 726 1138 nenbeu
751 1071 908 1159 (leg.
931 1072 1081 1158 deu)
1105 1093 1268 1160 qoap
1295 1081 1436 1156 quet
1463 1070 1624 1155 (non
1653 1078 1757 1136 est
1782 1071 2061 1152 dubium,
2092 1067 2462 1153 ludibrium)
2492 1069 2611 1134 186
2623 1069 2683 1134 b.
2716 1069 2832 1133 187
2848 1069 3049 1134 8.-207
3066 1070 3126 1136 b.

221 1177 322 1240 223
335 1197 390 1240 a.
447 1176 782 1239 nendomm
821 1186 964 1258 quet
1001 1175 1322 1260 qutnferm
1372 1172 1535 1257 (non
1577 1195 1752 1239 eram
1793 1183 1921 1239 tam
1962 1170 2214 1255 firmus)
2257 1170 2375 1236 231
2396 1193 2452 1234 a.

329 1305 334 1312 ·
375 1274 432 1343 C
449 1284 977 1362 omponuntur
1004 1297 1158 1342 vero
1187 1275 1444 1356 formae,
1477 1295 1636 1360 quas
1667 1295 1863 1362 supra
1890 1273 2416 1353 enumeravimus,
2450 1271 2711 1338 eaedem
2738 1269 2843 1336 vel
2872 1269 3129 1356 paulum

221 1377 582 1458 immutatae,
631 1397 772 1442 enm
816 1377 1048 1442 eambr.
1075 1378 1180 1464 μά,
1221 1387 1332 1462 yoe,
1380 1397 1554 1442 corn.
1595 1395 1672 1454 ee,
1701 1397 1774 1440 ω
1813 1374 1939 1460 (ey',
1968 1375 2102 1460 ay),
2152 1397 2341 1440 arem.
2384 1374 2479 1454 ed,
2526 1373 2673 1454 aed,
2718 1372 2823 1438 eui
2864 1371 3131 1460 insuper

225 1479 586 1565 praecedere
627 1489 904 1565 possunt
939 1476 1290 1564 particulae
1332 1485 1404 1542 ut
1444 1476 1724 1545 verbalis
1769 1477 2003 1544 ambr.
2033 1475 2139 1562 μά,
2176 1497 2348 1542 eom.
2376 1477 2507 1561 yth,
2550 1497 2737 1542 arem.
2770 1495 2853 1538 ez.

365 1580 789 1650 Cambriea
831 1578 1124 1665 exempla
1149 1601 1358 1666 praes.
1387 1579 1601 1665 prim.:
1643 1599 1881 1665 yrpan
1904 1577 2136 1665 ywwgf
2164 1601 2295 1664 yvm
2322 1578 2505 1642 medu
2543 1597 2586 1662 y
2616 1575 2907 1660 dfflrynn
2946 1577 3131 1642 hwnn

220 1687 314 1770 (ex
353 1707 476 1772 quo
523 1706 666 1750 sum
707 1680 1050 1768 possidens
1093 1680 1258 1746 hane
1303 1679 1563 1766 vallem)
1605 1679 1781 1747 Mab.
1832 1682 1887 1762 l,
1918 1681 2061 1746 265.
2126 1691 2239 1765 nyt
2275 1679 2507 1765 ywwwi
2542 1699 2630 1764 yn
2673 1679 2929 1742 amawd
2970 1680 3127 1765 (non

221 1809 345 1852 snm
386 1809 512 1872 ego
553 1786 620 1849 in
668 1782 1072 1867 condicione)
1114 1783 1172 1864 2,
1205 1785 1307 1848 54.
1375 1784 1670 1870 adywedy
1713 1781 1784 1846 di
1819 1787 1957 1868 ymi
1996 1809 2037 1848 α
2076 1783 2253 1867 ῃαὴο
2297 1781 2395 1844 kei
2427 1781 2631 1866 ynllys
2674 1781 2917 1846 arthur.
2957 1789 3131 1868 μείω

217 1890 310 1954 heb
345 1900 532 1974 φαεν
589 1886 882 1972 (dioesne
925 1886 1078 1952 mihi
1121 1895 1222 1966 tu,
1267 1888 1434 1952 sitne
1478 1884 1552 1953 G.
1597 1885 1666 1950 in
1709 1873 2031 1951 aula'A.?
2076 1894 2193 1968 est,
2240 1883 2453 1968 inquit
2494 1883 2634 1968 ille)
2687 1886 2741 1966 1,
2777 1884 2921 1950 260.
2986 1900 3133 1952 neat

211 1993 366 2074 μετέω
405 1991 554 2054 ἀνω
595 2010 792 2052 mmet
847 1989 922 2052 itt
977 1988 1223 2074 (nonne
1279 1998 1379 2055 est
1419 1995 1598 2054 trans
1639 1997 1923 2074 tempus,
1984 2009 2199 2054 nonne
2256 1987 2585 2074 praeteriit
2638 1995 2891 2073 tempus
2934 1991 3053 2056 tibi
3070 1991 3130 2076 Ρ)

215 2095 264 2172 3,
293 2094 430 2158 267.
507 2090 790 2176 arylwyd
825 2091 938 2175 yth
978 2093 1220 2178 noyllye
1255 2093 1347 2176 yd
1383 2091 1574 2176 ydym
1631 2089 1952 2174 (domine,
2008 2089 2091 2154 ad
2131 2088 2523 2154 voluntatem
2566 2095 2739 2154 tuam
2796 2090 3129 2179 adsumus)

213 2196 262 2274 3,
297 2197 427 2259 197.
511 2204 626 2278 nyt
660 2197 836 2280 ναίω
872 2217 916 2279 y
955 2193 1146 2258 claun·
1184 2217 1270 2280 yn
1309 2214 1354 2278 y
1397 2193 1476 2256 lle
1513 2191 1745 2278 kyntaf
1771 2214 1815 2277 y
1855 2191 2069 2276 kefeist
2111 2191 2273 2273 (non
2318 2201 2419 2256 est
2458 2190 2677 2256 tabula
2716 2211 2791 2257 eo
2835 2191 2979 2260 loeo
3022 2196 3129 2263 ubi

215 2297 468 2382 primum
521 2295 857 2379 invenisti)
919 2297 972 2376 1,
1017 2295 1159 2360 293.
1259 2293 1479 2359 Praes.
1539 2314 1696 2360 see:
1765 2304 1877 2378 nyt
1913 2293 2215 2378 yttoedwn
2268 2295 2297 2357 i
2340 2294 2559 2379 ynholi
2614 2293 2743 2358 dim
2794 2298 2917 2378 9τῆ
2968 2298 3129 2382 (non

213 2421 364 2463 eram
411 2421 534 2484 ego
571 2419 884 2482 quaerens
915 2397 1260 2484 quidquam
1287 2394 1440 2481 tibi)
1471 2397 1528 2476 3,
1567 2396 1664 2460 12.
1729 2417 1805 2460 ac
1829 2397 1921 2480 μά
1956 2397 2162 2481 yttoed
2197 2417 2287 2482 yn
2314 2397 2439 2462 trm’
2479 2394 2577 2479 (et
2602 2403 2741 2461 erat
2768 2396 3129 2486 ambulans)

217 2505 260 2578 l,
289 2502 430 2566 262.
497 2523 534 2564 ο
575 2501 784 2587 hynny
821 2501 912 2586 yd
948 2500 1153 2584 yttoed
1189 2523 1276 2584 yn
1317 2497 1466 2562 holla·
1500 2521 1544 2584 y
1587 2497 1690 2560 liw
1731 2518 1808 2560 ae
1849 2495 1982 2560 wed
2026 2497 2209 2582 (inde
2253 2507 2391 2564 erat
2432 2498 2757 2580 amittens,
2805 2501 3133 2568 amittebat

129 2643 136 2652 -
211 2603 474 2669 colorem
517 2623 706 2668 suum
750 2611 814 2666 et
855 2600 1211 2687 aspectum)
1264 2602 1316 2682 1,
1359 2601 1504 2664 296.
1563 2621 1700 2684 pan
1748 2601 1956 2685 yttoed
2003 2623 2091 2686 yn
2138 2623 2221 2688 yr
2259 2601 2419 2666 valle
2473 2600 2647 2685 (eum
2690 2609 2865 2667 esset
2907 2603 3131 2669 eodem

209 2705 368 2790 loeo)
417 2709 476 2787 1,
509 2705 654 2769 279.
714 2703 924 2789 aplum
963 2705 1275 2789 yttoedynt
1317 2703 1481 2788 uelly
1524 2701 1623 2786 (et
1665 2723 1812 2768 eum
1853 2712 2073 2768 essent
2116 2703 2243 2787 sio)
2294 2705 2347 2786 l,
2380 2704 2525 2770 281.
2591 2723 2718 2788 yny
2740 2706 2963 2789 ῃαοεᾶ,
3002 2728 3131 2792 yny

209 2809 510 2892 yuoedynt
551 2804 790 2890 (donee
831 2815 984 2886 erat,
1031 2807 1240 2889 erant)
1287 2805 1343 2886 2,
1377 2805 1478 2870 28.
1526 2804 1586 2886 3,
1617 2805 1762 2868 274.
1813 2808 1870 2886 1,
1899 2806 1961 2869 4.
1994 2807 2053 2870 7.

360 2907 719 2977 Corniea
755 2929 964 2993 praes.
993 2906 1176 2995 prim.
1209 2908 1372 2992 sing.
1411 2909 1466 2970 1.
1498 2926 1702 2991 pers.:
1751 2905 1850 2970 del
1890 2905 2037 2990 etos
2062 2927 2133 2970 ov
2164 2917 2335 2990 tyene
2376 2907 2478 2993 (ut
2520 2929 2659 2985 sum
2703 2908 3131 2993 exanimatus)

207 3009 278 3074 D.
307 3013 498 3076 2511.
563 3011 1008 3096 namnaqeeeos
1037 3031 1130 3074 ow
1157 3009 1401 3074 merwel
1439 3007 1720 3090 (tantum
1763 3029 1895 3073 non
1924 3007 2187 3092 morior)
2215 3007 2293 3074 R.
2326 3011 2521 3091 21453
2564 3009 2777 3076 minus
2806 3019 3127 3076 accurate:

202 3113 438 3194 ythesaf
458 3111 542 3176 D.
581 3112 762 3176 1224.
810 3109 916 3178 Or.
957 3113 1137 3176 1667.
1174 3113 1359 3175 2125.
1449 3111 1506 3172 2.
1553 3130 1758 3194 pem:
1801 3130 1926 3174 ecoe
1964 3111 2073 3195 yth
2114 3131 2225 3195 cop
2269 3112 2621 3197 owtliyaethe
2660 3113 2801 3198 (qui
2832 3113 3019 3180 sedes
3063 3115 3131 3178 in

207 3213 388 3298 pallio
429 3211 578 3296 tuo)
607 3210 703 3278 D.
738 3213 881 3278 931.
943 3213 1044 3298 ple
1087 3213 1272 3278 thecas
1319 3211 1458 3295 (ubi
1491 3209 1636 3294 θεῖ’)
1681 3207 1760 3276 R.
1791 3211 1937 3276 644.
2024 3213 2085 3278 3.
2116 3233 2284 3297 pere.
2328 3213 2668 3297 (curtata):
2718 3237 2803 3278 an
2841 3217 3131 3300 qasadow

211 3337 302 3398 csy
342 3337 414 3378 ov
467 3315 574 3380 cul
602 3313 740 3398 fals
781 3315 1002 3378 dewow
1056 3313 1508 3398 (abominanda
1551 3335 1716 3398 quae
1755 3311 1916 3378 feeit
1956 3312 2155 3378 falsos
2202 3314 2391 3398 deos)
2436 3312 2515 3381 O.
2548 3315 2731 3380 2692.
2794 3337 2939 3399 yma
2983 3315 3131 3380 dont

209 3415 360 3500 thy-m
385 3466 400 3480 .
429 3465 446 3480 .
475 3465 494 3480 .
514 3437 754 3502 παρειᾷ]
799 3415 1010 3480 oberth
1048 3437 1134 3500 yn
1166 3415 1279 3500 sas
1321 3415 1456 3498 (est
1495 3413 1804 3480 dubitatio
1837 3413 2029 3496 emihi,
2068 3414 2263 3480 timeo
2302 3437 2387 3482 ne
2428 3439 2559 3482 non
2603 3425 2893 3482 versetur
2933 3416 3128 3500 bene)

205 3513 268 3578 R.
307 3519 497 3580 1217.
567 3537 734 3602 praq
775 3539 1010 3604 nayvey
1051 3517 1124 3600 qf
1150 3538 1328 3602 qenes
1383 3517 1528 3598 (eur
1567 3539 1698 3581 non
1743 3523 1846 3581 est
1886 3516 1997 3582 ille
2040 3516 2323 3601 teoum?)
2377 3517 2457 3583 Ο.
2503 3519 2645 3584 573.
2723 3517 2822 3580 del
2862 3539 2977 3602 vyy
3031 3514 3133 3600 (ut

205 3615 320 3699 est)
376 3616 462 3684 Ο.
507 3618 694 3683 2728.
765 3641 884 3704 vqy
940 3617 1082 3703 (qui
1128 3617 1256 3702 est)
1312 3615 1390 3684 O.
1441 3619 1622 3682 1626.
1684 3615 1766 3683 D.
1811 3618 1955 3684 962.
2001 3617 2183 3683 1044.
2226 3619 2409 3682 2042.
2466 3617 2543 3684 R.
2576 3621 2761 3684 2160.
2817 3617 2891 3684 Ρ.
2936 3621 3037 3700 53,
3066 3620 3127 3682 4.

205 3715 360 3782 Plur.
409 3723 470 3784 1.
519 3740 720 3804 pers.:
761 3719 952 3805 kepar
995 3719 1098 3784 del
1122 3741 1260 3783 econ
1296 3716 1496 3801 (sieut
1525 3719 1774 3804 sumus)
1818 3717 1899 3784 R.
1935 3719 2116 3785 1291.
2205 3719 2262 3783 2.
2308 3741 2513 3806 pers.:
2557 3719 2746 3804 kepar
2790 3719 2888 3784 del
2910 3719 3131 3805 esouqh

205 3815 394 3900 (sicut
439 3819 637 3904 estis)
679 3819 755 3886 R.
790 3821 976 3886 2434.
1026 3819 1356 3905 yaoesouqh
1399 3841 1469 3884 ov
1510 3819 1724 3905 huthyl
1754 3841 1858 3905 9ae
1900 3819 2142 3904 (facitis
2184 3819 2556 3904 ludibrium)
2584 3819 2669 3886 D.
2700 3821 2842 3887 332.
2908 3819 3127 3885 Praes.

207 3941 320 3984 see.
367 3922 544 4005 sing.
593 3923 648 3984 1.
691 3942 894 4007 perum
939 3924 1009 3985 in
1051 3924 1188 4007 aqi&
1229 3921 1398 4005 mysk
1431 3943 1568 4006 pan
1609 3941 1744 3984 esen
1784 3920 1982 4005 (inter
2022 3942 2141 3986 vos
2184 3941 2327 3986 eum
2358 3920 2597 4003 essem)
2644 3920 2715 3986 P.
2748 3921 2849 4002 75,
2887 3923 2940 3985 1.
2996 3943 3131 4006 pan

199 4043 316 4086 aen
373 4044 450 4086 ου
513 4023 800 4105 quandre
854 4019 1026 4105 (eum
1072 4019 1492 4105 ambularem)
1553 4020 1634 4088 Ο.
1675 4023 1820 4088 213.
1882 4021 2135 4107 ytheqen
2178 4043 2267 4106 yn
2318 4043 2449 4086 ores
2500 4021 2754 4107 ahnayn
2809 4022 3011 4107 (eram
3060 4023 3128 4086 in

205 4123 399 4189 media
444 4121 830 4206 Germania)
873 4122 952 4189 R.
983 4125 1170 4190 2148.
1256 4125 1315 4188 2.
1359 4145 1561 4210 pers:
1613 4143 1748 4207 pan
1787 4143 1907 4187 esee
1943 4143 2033 4207 yn
2064 4123 2349 4209 paradys
2391 4122 2567 4206 (eum
2609 4145 2787 4189 esses
2832 4124 2899 4189 in
2942 4145 3129 4209 para-

207 4222 500 4308 diso)O.
536 4225 680 4289 900.
735 4245 822 4310 yn
863 4225 990 4288 dan
1031 4223 1240 4290 ambos
1280 4224 1508 4309 ytheeee
1548 4223 1701 4308 (sub
1747 4237 1941 4310 pacto
1984 4222 2158 4307 eras)
2202 4220 2286 4287 D.
2316 4225 2503 4289 2259.
2550 4223 2791 4308 ythesae
2831 4247 2921 4288 ow
2960 4247 3127 4288 mus-

203 4324 334 4410 kuyy
363 4323 808 4411 (decipiebas)
837 4323 916 4390 R.
954 4326 1132 4390 1466.
1219 4325 1279 4390 3.
1323 4345 1520 4410 pers.:
1567 4347 1684 4390 ena
1723 4349 1806 4390 vn
1846 4325 2105 4390 lowartlz
2132 4345 2225 4389 eea
2265 4325 2387 4410 (ibi
2413 4325 2634 4391 hortus
2677 4326 2933 4411 quidam
2962 4325 3129 4411 erat)

203 4425 265 4490 P.
297 4423 448 4510 233,
487 4431 547 4492 1.
613 4428 742 4491 lum
779 4448 960 4512 meyn
983 4476 1000 4492 .
1028 4475 1044 4492 .
1070 4477 1084 4492 .
1117 4447 1208 4491 ese
1249 4451 1292 4490 a
1333 4428 1450 4513 vyh
1493 4426 1640 4492 ΙΙιᾶε
1681 4427 1848 4492 wheh
1888 4426 1987 4511 (et
2026 4425 2303 4512 lapidem
2348 4428 2455 4513 qui
2502 4436 2636 4493 erat
2678 4450 2879 4530 super
2912 4427 3129 4494 Iesum

207 4527 480 4613 dulcem)
541 4529 688 4608 244,
737 4529 794 4593 3.
853 4551 988 4613 pan
1032 4549 1124 4592 ese
1173 4549 1258 4614 yn
1302 4551 1466 4614 myos
1516 4549 1559 4614 y
1603 4528 1861 4616 abeetely
1918 4530 2095 4615 (eum
2138 4540 2315 4596 esset
2366 4531 2535 4596 inter
2574 4530 2901 4616 apostolos
2945 4533 3158 4617 suos)·

211 4633 300 4711 27,
335 4635 388 4698 1.
463 4651 604 4695 war
649 4628 760 4694 beu
801 4630 1040 4716 dewlyn
1073 4652 1209 4716 pan
1253 4653 1342 4695 ese
1401 4630 1499 4715 (in
1543 4631 1815 4714 genibus
1859 4653 2003 4698 eum
2046 4632 2247 4718 esset)
2293 4633 2393 4714 58,
2432 4634 2485 4694 1.
2567 4631 2778 4696 abet-th.
2814 4656 2901 4719 yn
2944 4655 3131 4698 ‹tr-owe

205 4753 320 4816 pen
359 4754 455 4797 m
499 4731 604 4816 (in
649 4752 839 4798 eruee
883 4753 1028 4798 eum
1058 4732 1261 4818 esset)
1311 4734 1448 4814 185,
1487 4733 1542 4796 1.
1591 4733 1730 4814 197,
1765 4737 1821 4798 1.
1875 4756 2005 4819 pan
2047 4756 2147 4812 εεᾳ
2186 4758 2273 4820 yn
2316 4754 2503 4798 σνοωε
2542 4753 2699 4818 pren
2739 4732 2913 4817 (eum
2957 4745 3133 4801 esset

207 4833 262 4896 in
297 4833 524 4916 cruce)
575 4833 716 4912 183,
749 4833 810 4896 4.
873 4832 1056 4916 queck.
1093 4855 1198 4898 esa
1240 4859 1282 4898 a
1331 4837 1448 4900 dro
1487 4850 1640 4921 3030
1683 4834 2003 4919 (aulaeum
2050 4847 2185 4902 erat
2214 4837 2449 4902 circum
2496 4835 2667 4920 eum)
2717 4837 2855 4919 140,
2889 4838 2947 4904 3.
3003 4837 3129 4900 han

209 4935 310 5000 due
347 4957 454 5002 esa
497 4935 562 4999 ol
597 4957 688 5021 yn
729 4935 844 5000 dre
887 4934 982 5020 (et
1021 4937 1298 5023 populus
1345 4940 1552 5005 omnis
1599 4939 1708 5025 qui
1753 4948 1892 5003 erat
1934 4939 2002 5003 in
2044 4938 2229 5023 urbe)
2276 4941 2375 5019 97,
2410 4938 2471 5002 2.
2536 4959 2671 5001 war
2710 4939 2856 5002 crist
2906 4960 2951 5023 y
2982 4937 3131 5023 fone

210 5057 286 5101 ow
314 5037 580 5123 mmkye
609 5035 948 5123 mennaha]
976 5059 1120 5124 qeve
1141 5041 1288 5126 90ιή
1314 5065 1400 5105 na
1433 5041 1591 5128 leyth.
1616 5063 1844 5127 naqeea
1872 5041 2064 5105 worth
2102 5063 2145 5125 y
2170 5061 2388 5126 qrevye
2429 5038 2784 5125 (Christum
2810 5040 3128 5122 tuderunt,

209 5145 268 5204 ut
299 5161 432 5208 non
475 5149 662 5208 esset
703 5139 764 5208 ei
807 5160 977 5208 vena
1015 5161 1140 5209 nee
1165 5144 1512 5212 membrum
1557 5144 1728 5229 quod
1767 5167 1899 5212 non
1942 5165 2084 5211 eum
2112 5139 2436 5230 gravaret)
2485 5143 2622 5226 132,
2655 5143 2712 5206 2.
2764 5163 2897 5231 pap
2938 5142 2999 5208 ol
3040 5163 3130 5210 eoo
