3717 5642
1051 411 1178 480 111.
1225 413 1283 480 2.
1351 431 1574 482 vnum
1617 433 1798 482 sm.
1841 432 2192 484 monam.
2758 421 2903 484 (⁶⁶6)
2968 419 3091 486 569

205 605 346 691 queck
377 626 460 690 ny
497 623 619 690 qen
661 601 778 667 hue
818 597 972 684 (nec
1013 621 1296 687 unquam
1331 603 1615 690 inopiam
1644 601 2013 688 babuimus)
2052 601 2135 670 D.
2168 603 2313 668 916.
2370 627 2511 688 pem
2552 606 2675 672 dra
2716 620 2887 690 &om
2926 629 3095 692 aycm

206 707 326 793 (leg.
349 729 510 792 aqan
522 702 585 787 Ρ)
630 702 702 767 be
747 702 964 787 (cuius
1005 702 1099 767 rei
1143 704 1478 790 penuriam
1519 703 1860 772 habuimus
1874 703 1935 789 ?)
1981 703 2054 770 P.
2088 705 2189 787 50,
2236 705 2297 770 3.
2406 705 2465 770 3.
2510 727 2719 792 pers.:
2782 731 2856 794 ys
2901 731 3095 796 yavae

203 808 354 872 tlaeeffw
389 805 611 890 ltqffvys
663 801 782 870 rak
821 827 935 892 πρε
978 815 1105 868 teve
1143 825 1294 870 man
1350 807 1454 892 thy
1489 829 1570 893 pe
1623 805 2042 893 (condonavit
2084 806 2149 871 id
2191 807 2275 872 iis
2320 805 2536 889 simul,
2602 809 2755 894 quia
2810 831 2942 877 non
2984 813 3095 877 58-

205 911 434 974 buerunt
476 906 827 992 quidquam
869 907 953 973 ad
983 904 1358 972 solvendum
1401 907 1492 990 ei)
1536 907 1620 974 D.
1654 907 1798 974 508.
1857 931 1941 970 an
1971 918 2193 972 tort-ow
2236 931 2351 972 nae
2393 919 2517 973 teve
2556 909 2881 994 vythquetk
2904 911 3097 996 flehee

201 1009 356 1091 (uteri
397 1007 506 1096 qui
548 1030 876 1095 nunquam
915 1006 1272 1074 habuerunt
1311 1007 1582 1093 liberos)
1625 1006 1708 1072 I).
1742 1009 1929 1073 2647.

334 1109 539 1176 Praet.
585 1131 716 1176 sec.
761 1109 924 1195 sing.
973 1110 1031 1175 2.
1076 1131 1276 1194 pers.:
1323 1122 1551 1194 mescry
1591 1109 1736 1196 vyth
1780 1120 1834 1172 te
1874 1130 1958 1194 ny
2001 1131 2112 1174 vea
2138 1159 2152 1174 .
2182 1161 2195 1174 .
2222 1159 2237 1174 .
2266 1109 2381 1176 ken
2422 1133 2587 1176 onan
2630 1127 2739 1199 331⁸
2780 1139 2909 1180 nan
2938 1115 3099 1182 rolla

203 1214 579 1298 (potestatem
619 1211 861 1277 nullam
902 1210 1195 1293 haberes,
1239 1210 1370 1276 nisi
1413 1211 1576 1277 alius
1623 1211 1766 1298 quis
1808 1209 1930 1276 tibi
1972 1233 2113 1276 eam
2157 1210 2474 1297 dedisset)
2519 1213 2594 1278 P.
2644 1217 2785 1298 145,
2823 1218 2889 1296 13
2942 1217 3097 1284 irre-

199 1313 370 1400 gulari
405 1313 714 1379 flexione:
777 1313 974 1400 qazloe
1013 1313 1276 1394 marnas
1319 1335 1404 1397 ny
1442 1315 1594 1400 fyes
1656 1313 2037 1400 (potentiam
2078 1313 2205 1378 mei
2250 1335 2380 1380 non
2423 1314 2725 1401 haberes)
2784 1316 2868 1382 D.
2912 1318 3097 1384 2187.

201 1417 246 1480 3.
280 1435 468 1501 pera:
513 1435 644 1502 nyn
679 1415 866 1502 yw‘ye
909 1415 1026 1480 den
1065 1413 1264 1501 yallos
1305 1415 1446 1480 then
1487 1435 1767 1478 merum
1805 1435 1852 1500 y
1878 1434 2074 1479 worre
2100 1414 2179 1500 ef
2201 1412 2369 1498 (non
2397 1413 2732 1485 habuisset
2760 1417 3097 1505 quisquam

199 1515 510 1600 potentiam
553 1515 638 1582 ad
663 1526 930 1582 mortem
971 1515 1258 1603 ponendi
1283 1514 1492 1601 illum)
1523 1515 1600 1581 R.
1633 1516 1776 1580 966.
1869 1514 2041 1580 Plur.
2092 1517 2146 1579 1.
2176 1537 2346 1601 pers.
2376 1515 2843 1603 irregulariter:
2888 1520 3099 1605 neffre

199 1639 366 1704 nyqen
405 1617 560 1702 byen
600 1638 684 1702 ny
724 1618 826 1702 ξομ
863 1617 978 1704 hep
1023 1617 1282 1703 tkywetk
1326 1624 1682 1705 (nunquam
1725 1616 2103 1683 haberemus
2146 1637 2269 1682 nos
2314 1617 2621 1702 gaudium
2664 1620 2805 1688 sine
2832 1620 2994 1706 fine)
3024 1621 3098 1686 R.

201 1719 350 1784 1029.
431 1719 494 1783 2.
538 1739 739 1804 pers.:
784 1739 896 1804 nye
937 1740 1048 1804 oye
1089 1719 1366 1806 worshyp
1412 1719 1576 1804 (non
1614 1717 1938 1784 haberetis
1982 1717 2491 1804 venerationem)
2532 1720 2611 1787 R.
2650 1723 2835 1790 1943.

332 1818 640 1886 Infinitivi
680 1818 892 1886 vicem
935 1821 1196 1908 supplet
1237 1823 1430 1904 casos,
1473 1820 1660 1905 caffos
1703 1817 2029 1905 (capere),
2075 1820 2247 1905 quod
2290 1821 2553 1886 verbum
2592 1822 2797 1890 solum
2842 1823 3103 1892 adhibet

195 1921 498 1990 embrica.

1380 2022 1860 2090 Aremorica.

331 2127 550 2194 Praes.
597 2126 778 2213 prim.
825 2123 990 2211 sing.
1041 2129 1096 2190 1.
1141 2149 1340 2212 pera:
1389 2147 1588 2192 emens
1631 2113 1956 2210 (‘babeo')
2002 2122 2189 2193 cath.
2258 2145 2353 2190 em
2396 2129 2725 2192 conoianzo
2765 2151 2980 2194 emens·
3020 2153 3104 2196 vn

193 2233 446 2296 manco
491 2229 616 2294 don
673 2226 775 2311 (in
819 2228 1230 2297 consciencia
1270 2251 1418 2295 mea
1467 2229 1672 2297 habeo
1718 2226 2183 2294 dubitationem
2224 2227 2635 2316 profundam)
2688 2228 2852 2298 Buh.
2894 2233 2996 2314 30,
3040 2233 3101 2300 8.

193 2333 286 2396 bac
321 2355 532 2396 emm
567 2351 740 2416 poan
795 2328 892 2415 (et
931 2329 1136 2396 58500
1181 2330 1561 2415 cruciatum)
1611 2333 1748 2415 106,
1802 2331 1899 2396 15.
1983 2351 2195 2394 emen-v
2236 2341 2404 2394 truez
2460 2329 2697 2414 (habeo
2744 2332 3103 2401 misericor-

193 2433 362 2518 diam)
404 2435 550 2515 204,
585 2433 686 2497 21.
757 2433 877 2497 hac
919 2453 1130 2496 emem-
1166 2455 1288 2520 pep
1331 2435 1484 2500 hear
1525 2453 1722 2517 quenz
1763 2431 2035 2510 mem-bet
2079 2430 2176 2515 (et
2201 2431 2407 2498 58500
2453 2433 2681 2518 quavis
2722 2431 2885 2500 hora
2927 2434 3104 2504 dolo-

187 2559 298 2602 rem
355 2532 778 2622 magnopere)
848 2532 982 2600 MJ.
1025 2536 1175 2600 91a.
1255 2536 1374 2602 hac
1416 2556 1630 2600 emeux
1679 2555 1861 2620 pemp
1916 2533 2015 2618 (et
2062 2533 2269 2603 habeo
2324 2534 2635 2622 quinque)
2696 2537 2817 2602 146
2843 2538 2902 2604 b.
2990 2539 3107 2605 Ιιαο

189 2659 372 2703 emm
411 2639 594 2702 desen
635 2658 754 2700 nac
798 2657 872 2700 eu
913 2659 1060 2724 may
1106 2637 1204 2722 (et
1245 2637 1452 2704 habeo
1496 2634 1965 2722 cogitationem,
2014 2658 2157 2702 eum
2198 2659 2330 2725 non
2374 2658 2521 2704 esse
2549 2637 2855 2724 amplius)
2906 2640 3025 2708 188
3040 2641 3102 2707 5.

189 2765 220 2802 α
256 2761 369 2826 pep
423 2751 494 2806 tu
539 2761 750 2804 meu-v
795 2737 978 2824 trqffu
1023 2738 1168 2804 brae
1223 2738 1336 2822 (ab
1379 2739 1554 2806 omni
1607 2746 1789 2825 parte
1848 2737 2055 2804 habeo
2109 2759 2472 2804 aerumnam
2529 2738 2852 2824 magnam)
2912 2742 3101 2808 1918.

183 2843 354 2928 qoude
401 2843 522 2907 mil
573 2841 716 2908 recle.
767 2863 862 2906 em
913 2863 1032 2906 euax
1083 2843 1292 2929 yechet
1353 2841 1537 2927 (post
1574 2839 1752 2908 mille
1795 2839 2049 2907 dolores
2104 2839 2309 2907 habeo
2366 2839 2669 2925 salutem)
2730 2841 2919 2908 1998.
3000 2847 3104 2908 ioa

187 2965 382 3010 ameum
417 2943 598 3029 qlan,
641 2944 776 3010 ioue
817 2963 1042 3007 amena:
1082 2945 1182 3010 hel
1224 2943 1555 3031 (gaudium
1597 2942 1804 3009 58500
1835 2965 2095 3022 merum,
2140 2941 2445 3028 gaudium
2487 2941 2641 3007 mihi
2684 2952 2787 3008 est
2826 2944 3102 3031 largum)

185 3043 322 3112 Buh.
352 3047 452 3128 26,
495 3047 594 3112 14.
644 3046 784 3126 184,
818 3045 920 3110 20.
975 3067 1069 3110 me
1093 3046 1194 3130 yel
1215 3094 1232 3110 .
1257 3097 1276 3112 .
1303 3097 1318 3111 .
1349 3047 1468 3112 Ῐιασ
1495 3069 1720 3112 amena:
1747 3046 1937 3110 boant
1964 3045 2040 3108 de
2068 3045 2466 3128 tourmantaf
2485 3043 2623 3127 (ibo
2646 3093 2663 3108 .
2690 3093 2705 3108 .
2728 3095 2747 3126 ‚
2794 3055 2859 3112 et
2886 3045 3096 3115 58500

189 3147 550 3214 desiderium
589 3147 730 3214 eius
775 3145 1134 3232 cruciandi)
1180 3149 1282 3228 90,
1317 3151 1377 3213 5.
1446 3150 1604 3213 ἅφθη
1647 3157 1933 3213 carantez
1976 3147 2103 3210 Izan
2131 3145 2267 3228 seiz
2307 3155 2443 3208 mat
2482 3166 2589 3212 am
2617 3167 2737 3210 euax
2779 3147 2947 3212 dreiz
2981 3171 3105 3236 ρῳ

187 3259 268 3312 tra
307 3271 414 3314 ouz
453 3271 570 3314 ma
609 3260 702 3314 tat
757 3247 1052 3332 (caritate
1095 3255 1162 3315 et
1207 3249 1338 3324 fide
1381 3249 1552 3316 bona
1592 3269 1782 3334 quam
1823 3247 2031 3314 58500
2075 3268 2271 3332 super
2314 3267 2563 3311 omnem
2600 3270 2737 3312 rem
2796 3271 2949 3336 erga
2990 3272 3105 3335 pa-

185 3360 318 3416 trem
342 3350 591 3435 meum)
621 3348 758 3416 MJ.
792 3351 946 3416 3021.
1007 3371 1084 3414 em
1115 3371 1290 3436 poan
1325 3373 1403 3436 pe
1442 3352 1602 3437 heny
1625 3399 1640 3416 .
1667 3399 1681 3414 .
1709 3397 1726 3414 .
1757 3371 1984 3414 ameum
2028 3350 2115 3414 da
2151 3347 2405 3434 qouzqff
2442 3347 2541 3432 (in
2572 3349 2889 3436 supplicio
2934 3351 3105 3438 quod

187 3451 312 3518 mihi
339 3463 440 3520 est
485 3451 893 3539 patiendum)
934 3454 1014 3517 57
1036 3451 1095 3516 b.
1153 3473 1270 3537 pez
1313 3472 1539 3516 ameum
1570 3450 1730 3536 prob
1775 3451 1858 3512 da
1902 3449 2043 3514 ober
2086 3448 2274 3535 (quid
2312 3449 2515 3534 probe
2554 3449 2711 3514 mihi
2746 3449 3108 3519 faciendum

187 3553 330 3638 est?)
374 3555 493 3620 191
515 3553 580 3620 b.
645 3564 924 3638 quement
967 3573 1192 3618 ameum
1234 3551 1578 3640 (quidquid
1617 3551 1856 3634 58500)
1902 3552 1982 3616 99
2004 3572 2059 3616 8.
2124 3571 2290 3614 uoun
2334 3550 2476 3632 ores
2509 3572 2731 3616 ameum
2786 3553 3109 3638 (timorem

187 3653 385 3724 fortem
423 3655 677 3739 habeo)
727 3655 848 3722 123
868 3655 928 3723 b.
1005 3677 1102 3720 me
1145 3676 1260 3740 ray
1302 3679 1388 3720 an
1425 3666 1572 3741 quet
1609 3655 1726 3719 hac
1770 3675 1995 3718 ameum
2038 3653 2171 3718 avis
2212 3651 2297 3716 ha
2338 3651 2562 3716 discret
2604 3675 2696 3717 em
2735 3667 2934 3741 speret
2984 3656 3108 3742 (fa-

190 3757 324 3823 ciam
365 3758 702 3840 excubia-s,
749 3766 814 3825 et
855 3756 1062 3824 58500
1103 3755 1510 3843 praesagium
1557 3765 1620 3822 et
1649 3764 1966 3822 secretum
2008 3754 2079 3820 in
2108 3752 2339 3841 spiritu
2381 3752 2554 3837 meo)
2598 3755 2721 3820 193
2734 3779 2793 3822 8.
2851 3779 3109 3825 nemen-v

185 3883 252 3923 na
285 3863 384 3928 ioa
426 3884 518 3928 na
563 3859 695 3947 στι-β’
733 3883 818 3925 na
860 3881 970 3924 oar
1013 3859 1176 3943 (non
1218 3856 1426 3925 babeo
1469 3879 1593 3926 nec
1634 3855 1937 3945 gaudium
1979 3875 2103 3922 nec
2144 3854 2427 3922 amicum
2475 3873 2601 3920 nec
2644 3855 3106 3946 propinquum)

187 3959 324 4030 Buh.
351 3964 414 4047 8,
439 3964 548 4032 23.
613 3983 874 4028 nemea-‘c
913 3982 1058 4026 παπ
1103 3961 1188 4026 da
1215 3970 1462 4044 quet-zet
1505 3959 1666 4046 (non
1693 3959 1900 4026 58500
1943 3956 2074 4024 vim
2104 3955 2498 4041 ambulandi)
2536 3957 2673 4038 194,
2709 3961 2809 4024 11.
2876 3963 3108 4044 terties

187 4087 252 4128 na
287 4087 398 4152 nep
439 4086 606 4131 reum
648 4084 912 4128 aemma.-
956 4083 1102 4148 may
1160 4059 1412 4145 (febrim
1455 4071 1568 4126 aut
1609 4060 1801 4127 ullam
1842 4058 2166 4126 miseriam
2220 4059 2352 4124 iam
2392 4080 2525 4124 non
2568 4057 2805 4146 58500)
2862 4061 3006 4143 200,
3046 4064 3107 4129 4.

190 4186 414 4232 umen-v
454 4188 634 4254 ceper
677 4176 819 4251 quet
857 4166 1018 4251 (non
1063 4163 1282 4248 habeo¹
1303 4163 1516 4250 spem)
1551 4159 1688 4228 MJ.
1721 4161 1802 4226 54
1822 4161 1883 4226 5.
1951 4161 2105 4224 dren
2144 4179 2351 4246 quau-v
2375 4159 2542 4244 flam
2584 4183 2809 4228 ameum
2852 4183 3109 4228 aenaeum

189 4280 304 4350 quet
350 4271 436 4336 da
471 4268 688 4358 9υείοε
741 4266 902 4334 aelez
941 4316 956 4332 .
983 4315 998 4330 .
1024 4315 1038 4332 .
1070 4267 1260 4332 hoaut
1311 4265 1458 4352 (per
1495 4265 1776 4331 dolorem
1819 4260 2149 4329 ardentem
2190 4282 2378 4349 quem
2422 4261 2627 4329 58500
2646 4311 2663 4342 ,
2715 4283 2849 4328 non
2903 4261 3108 4331 habeo

192 4368 526 4456 cupidinem
585 4367 852 4436 videndi
903 4368 1198 4456 angelos)
1259 4369 1374 4435 187
1394 4391 1452 4436 8.
1533 4387 1790 4432 nomena:
1839 4376 2076 4448 quemet
2128 4376 2229 4451 try
2293 4362 2456 4448 (non
2506 4363 2713 4431 58500
2770 4363 2901 4431 nisi
2955 4364 3110 4449 tria)

195 4473 288 4536 146
305 4495 358 4539 a.
409 4493 515 4538 mo
544 4493 772 4538 ameum
801 4473 954 4538 drea
999 4471 1093 4536 bet
1127 4495 1212 4538 vn
1240 4471 1365 4536 edit
1392 4470 1544 4557 (ego
1573 4466 1780 4534 58500
1811 4489 2005 4532 unum
2034 4465 2409 4534 mandatum
2434 4487 2553 4552 per
2582 4466 2913 4552 mundum)
2942 4466 3107 4536 Buh.

193 4569 308 4655 204,
333 4575 396 4640 4.
443 4593 549 4638 mo
579 4595 808 4638 amen-v
845 4572 1036 4638 boant
1076 4573 1229 4659 (ego
1259 4571 1462 4639 habeo
1495 4567 1891 4658 cupidinem)
1920 4567 2057 4644 MJ.
2090 4570 2126 4633 7
2152 4567 2213 4633 5.
2268 4587 2363 4630 me
2404 4588 2628 4632 ameum
2668 4591 2757 4632 un
2802 4567 2904 4633 bez
2932 4589 3109 4635 neves

194 4687 341 4755 yraet
381 4675 630 4759 (585οο
676 4677 1038 4762 sepulcrum
1079 4697 1308 4742 recens
1350 4673 1619 4760 factum)
1667 4675 1784 4739 154
1805 4672 1863 4738 b.
1930 4692 2037 4734 ma
2080 4689 2294 4734 emens·
2336 4691 2423 4733 un
2466 4667 2610 4732 bech
2651 4689 2755 4733 am
2797 4669 2945 4734 neck
2986 4670 3115 4736 cale

196 4773 396 4857 (habeo
439 4801 614 4846 onus
657 4779 841 4846 cuius
887 4801 986 4846 me
1027 4780 1244 4848 taedet
1284 4776 1650 4862 admodum)
1686 4773 1806 4839 123
1823 4774 1882 4839 b.
1944 4793 2051 4836 ma
2091 4791 2301 4836 emen-v
2328 4780 2609 4854 quement
2648 4770 2807 4855 etv-tf
2841 4792 2872 4835 e
2899 4772 3111 4837 divona

199 4875 400 4957 (58500
437 4891 698 4949 tantum
755 4883 1184 4950 contentionis
1229 4882 1368 4948 eius
1423 4875 1648 4961 causa)
1709 4875 1828 4941 188
1849 4898 1907 4940 8.
1972 4895 2067 4938 me
2118 4892 2302 4936 meua.-
2358 4871 2528 4955 anas
2559 4872 2832 4958 dioutaff
2870 4872 3105 4959 (habeo

197 4978 646 5051 incommodum
690 5007 771 5052 ex
814 4984 922 5070 eo)
978 4983 1142 5051 Buh.
1184 4987 1286 5064 58,
1330 4983 1418 5047 19.
1486 4999 1762 5044 memeux
1804 4977 2017 5041 ceulam
2072 4975 2307 5056 (habeo
2350 4972 2804 5058 turbationem)
2866 4977 3005 5058 174,
3050 4976 3107 5040 7.

203 5083 314 5161 194,
349 5087 406 5154 9.
476 5108 580 5152 me
621 5111 806 5153 meua:
855 5109 986 5158 mee
1043 5085 1187 5150 brae
1241 5083 1476 5169 (habeo
1521 5081 1802 5148 dedecus
1845 5077 2177 5164 magnum)
2235 5077 2375 5156 196,
2416 5077 2475 5142 8.
2552 5098 2649 5141 me
2688 5097 2871 5142 meua:
2932 5079 3113 5144 dirae

196 5203 290 5269 pep
323 5189 432 5254 mil
464 5189 680 5276 ’τὸείς
721 5188 964 5276 (habeo
1007 5209 1220 5255 coram
1261 5185 1556 5253 omnibus
1595 5182 1774 5250 mille
1819 5178 2193 5269 opprobria)
2235 5179 2338 5261 40,
2376 5177 2475 5245 18.
2535 5199 2633 5244 me
2666 5199 2849 5245 meu-v
2904 5179 3115 5263 lif-'tini
