3717 5642
630 384 760 450 940
806 386 943 448 (918-
965 386 1089 448 919)
1322 378 1435 447 VI.
1483 382 1542 444 2.
1616 400 2089 451 consrancrro
2131 401 2422 451 roa-'rma
2463 401 2852 449 nmmch.

797 571 873 636 In
920 569 1121 655 quinti
1168 568 1384 654 hymni
1435 579 1645 635 sexta:
1730 640 1735 644 ,

1108 688 1207 747 Sic
1236 696 1242 762 Ι
1274 688 1529 764 quinque
1568 690 1825 747 millibus
1867 691 2004 747 vir-is
2033 701 2050 753 !'
2075 690 2212 747 dum
2245 698 2252 758 1
2285 689 2542 764 quinque
2581 708 2764 765 panes
2803 689 3039 761 dividis,

1110 782 1410 841 Edentium
1450 784 1557 841 sub
1598 786 1847 842 dentibus
1875 788 1888 853 ἐ,
1915 784 1978 841 in
2018 802 2115 841 ore
2147 807 2152 851 i
2186 784 2481 841 crescebat
2511 784 2517 813 ³
2550 784 2724 841 cibus.

796 893 875 957 In
922 893 1176 978 septimi
1220 893 1500 977 strophis
1544 896 1734 960 tertia
1778 906 1841 961 et
1885 904 2136 982 quarta:

1110 1010 1116 1077 Ι
1160 1010 1315 1069 Votis
1348 1010 1353 1077 Ι
1384 1031 1638 1072 vocemus
1680 1021 1739 1073 et
1768 1024 1773 1092 ᾖ
1806 1022 2037 1091 patre-m,
2080 1010 2095 1078 ,ἱ
2125 1022 2131 1089 'i
2163 1020 2374 1090 patrem
2407 1024 2413 1093 Ι
2443 1013 2708 1089 perennis
2749 1012 2974 1089 gloriae,

1111 1102 1119 1173 Ι
1148 1104 1369 1163 Patrem
1399 1106 1405 1174 Ι
1438 1108 1682 1184 potentis
1721 1112 1953 1185 grat-iae,
1993 1110 2010 1179 ΙΙ
2037 1107 2262 1183 culpam
2300 1107 2538 1183 relleget
2569 1116 2578 1181 ζ
2605 1108 2900 1193 lubricam.

1112 1202 1118 1265 Ι
1146 1198 1423 1257 Informet
1453 1208 1459 1275 ξ
1493 1206 1655 1259 actus
1694 1210 1976 1275 strenuOS,
2018 1200 2034 1268 ιί
2061 1202 2256 1260 dentes
2295 1204 2562 1259 retundat
2600 1201 2804 1276 invidi,

1110 1291 1293 1351 Casus
1334 1298 1609 1354 secundet
1648 1315 1900 1374 asperos,
1941 1298 1957 1363 [ἱ
1984 1294 2160 1353 donet
2230 1296 2458 1371 gerendi
2489 1302 2496 1368 ξ
2532 1295 2793 1372 gratiam.

798 1404 868 1469 ln
912 1402 1013 1468 his
1071 1405 1192 1470 etsi
1249 1406 1475 1491 negari
1518 1408 1741 1494 nequit
1794 1414 2050 1473 ornatus
2107 1407 2352 1473 alienus
2399 1430 2438 1472 a
2479 1406 2688 1493 poetis
2748 1406 3063 1473 classicae
3121 1408 3440 1473 vetustatis
3477 1423 3522 1469 et

628 1505 1003 1591 peregrinus
1052 1516 1237 1587 certe,
1284 1510 1522 1575 maiore
1565 1510 1671 1576 vel
1689 1512 1943 1581 minore
1988 1511 2348 1576 constantia
2391 1509 2664 1589 additus,
2712 1519 3001 1573 servatur
3041 1519 3254 1574 tamen
3295 1521 3522 1573 metrum

626 1606 891 1671 latinum
948 1618 1011 1671 et
1062 1618 1417 1693 temporum
1473 1612 1657 1677 ratic.
1753 1614 1845 1678 At
1899 1636 2128 1679 novam
2181 1620 2371 1696 atque
2427 1610 2776 1677 inauditam
2819 1611 3084 1676 formam
3124 1610 3334 1693 offert,
3373 1614 3524 1695 quasi

629 1730 863 1773 novam
920 1720 1156 1790 „terram
1224 1714 1470 1799 aperiat
1532 1737 1893 1800 novumque
1957 1736 2185 1781 aevum
2243 1713 2612 1792 annuntiet,
2683 1712 2970 1797 psalmus
3027 1712 3428 1779 abecedarius
3475 1712 3526 1780 S.

626 1804 977 1896 Augustini
1053 1814 1341 1901 episcopi
1402 1814 1849 1901 Hipponensis
1912 1818 2206 1885 Africani
2258 1815 2451 1899 (obiit
2516 1838 2571 1878 a.
2627 1814 2816 1896 430),
2881 1836 2996 1899 per
3062 1814 3282 1899 plures
3359 1838 3528 1879 annos

627 1912 978 1978 Mediolani
1021 1914 1397 1982 rhetoricam
1442 1919 1735 2005 professi,
1784 1943 1974 2005 quem
2018 1921 2328 2008 psalmum
2374 1927 2595 1983 contra
2633 1913 3010 1982 Donatistas
3055 1916 3356 2013 scriptum
3410 1940 3529 1982 esse

626 2014 767 2101 ipse
814 2016 969 2081 dicit
1010 2016 1219 2101 ipsius
1263 2020 1601 2087 humillimi
1644 2021 1822 2109 vulgi
1867 2045 2080 2089 causa.
2155 2022 2232 2086 In
2274 2020 2398 2085 hoc
2441 2020 2610 2083 enim
2655 2016 2825 2083 omni
2867 2026 3068 2083 metro
3100 2027 3166 2082 et
3193 2020 3362 2083 omni
3401 2032 3530 2085 tem-

629 2138 854 2201 porum
898 2118 1147 2185 ratione
1189 2121 1485 2206 neglecta
1525 2122 1687 2189 nihil
1729 2126 2107 2190 observatur
2151 2123 2280 2188 nisi
2311 2145 2450 2187 cum
2483 2120 2903 2186 consonantia
2932 2128 3145 2185 certus
3177 2122 3531 2205 syllabarum

629 2218 1001 2301 numerus*,
1060 2243 1223 2306 quae
1264 2246 1369 2287 res
1416 2224 1815 2291 constituunt
1854 2225 2169 2311 poeticam
2211 2224 2477 2294 formam
2521 2220 2830 2289 celticam.
2919 2220 3251 2287 Invenitur
3309 2226 3534 2311 quidem

628 2342 757 2384 una
803 2320 1149 2407 eademque
1196 2325 1437 2390 vocalis
1469 2349 1503 2390 o
1531 2327 1765 2391 finiens
1810 2348 2030 2392 omnes
2074 2348 2322 2407 versuS,
2369 2324 2790 2390 consonantia
2830 2324 3026 2409 igitur
3067 2345 3260 2407 quam
3303 2326 3532 2402 dixeris,

626 2421 754 2507 iam
797 2422 863 2485 in
909 2424 1185 2490 carmine
1230 2436 1457 2511 poetae
1502 2426 1871 2494 vetustioris
1919 2428 2362 2495 Commodiani
2407 2426 2748 2511 inscripto:
2797 2425 3045 2489 Nomen
3075 2424 3319 2495 Gazaei
3359 2426 3534 2511 (Bibl.

626 2520 797 2589 Patr.
847 2526 915 2607 3,
974 2526 1117 2591 650.
1166 2528 1349 2609 651),
1397 2530 1513 2594 sed
1558 2531 1741 2595 abest
1785 2540 1998 2597 certus
2057 2531 2439 2617 syllabarum
2482 2549 2781 2592 numerus
2826 2526 2959 2610 (est
3001 2525 3166 2591 enim
3210 2527 3530 2594 hexametri

626 2624 807 2689 latini
860 2626 1128 2693 imitatio
1186 2629 1290 2695 vel
1340 2630 1540 2695 forma
1592 2629 1926 2717 solutior),
1986 2622 2052 2696 et
2091 2632 2324 2697 finiens
2369 2654 2402 2695 ο
2447 2630 2593 2696 ideo
2651 2638 2891 2694 tantum
2947 2628 3249 2715 adoptata
3289 2631 3532 2709 videtur,

628 2736 698 2790 ut
753 2737 926 2791 esset
978 2739 1188 2796 certus
1242 2732 1390 2797 finis
1447 2754 1748 2798 versuum
1806 2733 2142 2819 oppositus
2205 2744 2377 2823 certo
2423 2730 2639 2812 initio,
2707 2730 2876 2817 quod
2921 2742 3021 2797 est
3061 2754 3294 2798 nomen
3335 2743 3538 2819 poetae

626 2824 1123 2896 Commodianus
1168 2854 1313 2897 cum
1356 2834 1733 2923 cognomine
1761 2832 2104 2901 Mendicus
2137 2832 2378 2901 Christi
2407 2822 2760 2899 initialibus
2789 2832 3020 2905 litteris
3054 2856 3346 2899 versuum
3383 2847 3531 2899 retro

625 2927 809 2993 lectis
868 2930 1311 3014 significatum.
1398 2934 1477 2999 In
1520 2936 1873 3021 Augustini
1916 2937 2164 3023 psalmo
2225 2935 2494 3021 singulis
2542 2934 2832 2999 versibus
2875 2934 3030 2999 bina
3068 2936 3350 3001 membra
3401 2958 3532 3000 con-

626 3030 923 3111 tinentur,
969 3030 1240 3118 singulis
1282 3035 1707 3104 hemistichiis
1753 3046 2022 3103 octonae
2067 3036 2370 3124 syllabae.
2462 3034 2897 3102 Consonantia
2938 3036 3151 3101 finalis
3195 3036 3534 3125 copulativa

626 3125 1071 3196 continuatae
1112 3136 1407 3220 congruit
1462 3160 1607 3203 cum
1664 3140 2085 3204 consonantia
2138 3138 2507 3204 continuata
2559 3136 2979 3203 usitatissima
3034 3138 3204 3223 apud
3248 3138 3533 3205 Cambros

627 3239 869 3317 poetas.
956 3230 1218 3301 Profero
1263 3238 1500 3322 primas
1547 3241 1841 3325 strophas
1889 3240 2048 3306 duas
2085 3240 2288 3327 (Opp.
2323 3239 2406 3305 D.
2441 3240 2740 3323 August„
2780 3236 2988 3323 Lugd.
3041 3240 3223 3305 1586.
3255 3242 3311 3321 7,
3345 3264 3402 3327 p.
3445 3242 3530 3321 3):

1182 3372 1557 3433 Abundantia
1594 3362 1960 3451 peccatorum
1985 3372 2002 3440 il
2029 3374 2178 3435 solet
2213 3374 2421 3433 fratres
2460 3375 2799 3433 conturbare
2809 3396 2828 3446 3

1104 3464 1348 3543 Propter
1385 3466 1495 3527 hoc
1534 3468 1803 3527 dominus
1842 3476 2039 3527 noster
2065 3468 2080 3533 li
2107 3466 2289 3526 voluit
2327 3487 2434 3526 nos
2471 3486 2865 3544 praemonere,

1106 3560 1459 3637 Compara-ns
1497 3580 1737 3638 regnum
1780 3562 2068 3621 caelorum
2137 3561 2377 3620 reticulo
2417 3563 2594 3620 misso
2633 3564 2693 3621 in
2733 3580 2909 3633 mare,

1107 3654 1493 3733 Congreganti
1534 3656 1746 3714 multos
1784 3657 1994 3733 pisces,
2036 3667 2050 3733 ,ζ
2077 3674 2246 3713 omne
2287 3675 2467 3733 genus
2505 3656 2642 3715 hinc
2682 3662 2742 3714 et
2779 3654 2934 3715 inde.

1107 3747 1265 3820 Quos
1306 3768 1435 3807 cum
1475 3750 1790 3809 traxissent
1828 3750 1902 3808 ad
1941 3750 2098 3823 litus,
2139 3748 2155 3815 il
2179 3756 2322 3811 tunc
2359 3757 2674 3826 coeperunt
2711 3768 2996 3827 separare,

1108 3842 1300 3900 Bonos
1340 3844 1401 3901 in
1440 3861 1577 3901 vasa
1614 3845 1914 3919 miserunt,
1955 3842 1972 3909 ¹1
1998 3844 2250 3921 reliquos
2293 3844 2471 3901 malos
2511 3844 2573 3901 in
2611 3862 2787 3903 mare.

1108 3934 1386 4014 Quisquis
1425 3938 1626 3997 recolit
1664 3939 2052 4017 evangelium,
2090 3938 2107 4005 Η
2132 3943 2510 4014 recognoscat
2548 3956 2679 3997 cum
2717 3938 2941 4013 timore,

1109 4030 1287 4091 Videt
1322 4032 1628 4091 reticulum
1669 4031 1990 4106 ecclesiam,
2033 4032 2050 4099 {i
2076 4030 2236 4090 videt
2273 4030 2385 4089 hoc
2423 4032 2715 4089 saeculum
2753 4050 2932 4105 mare,

767 4245 793 4272 ‘
830 4244 1159 4313 Syllabarum
1195 4250 1369 4299 certus
1402 4260 1649 4299 numerus
1684 4260 1777 4313 per
1810 4258 1868 4297 se
1901 4244 2007 4296 iam
2035 4218 2182 4312 'apud
2218 4244 2372 4298 Indos
2405 4244 2598 4297 formae
2631 4243 2864 4313 poeticas
2895 4243 3122 4311 speciem
3163 4246 3336 4311 efficit,
3369 4261 3528 4315 quam-

630 4312 707 4365 vis
742 4313 798 4364 in
847 4328 1020 4366 eorum
1070 4319 1273 4366 vetusta
1314 4315 1492 4382 lingua
1534 4318 1639 4367 tem
1678 4330 1827 4367 orum
1871 4312 1942 4366 sit
1984 4314 2210 4379 perfecta
2252 4314 2537 4366 distinctio.
2623 4312 2838 4367 Versum
2885 4313 3042 4365 etiam
3099 4316 3238 4383 apud
3297 4316 3382 4368 hos
3423 4315 3528 4366 bins

632 4382 861 4434 membra
894 4384 1239 4445 constituunt,
1276 4383 1385 4435 bini
1422 4398 1601 4435 versus
1670 4382 1912 4445 istich0n‚
1950 4382 2084 4448 quod
2121 4382 2306 4434 dicunt
2337 4379 2550 4437 eldeum.
2611 4380 2804 4434 Versus
2837 4382 3018 4449 opicus
3054 4383 3256 4438 brevior
3287 4384 3454 4435 ceteris
3485 4386 3528 4431 et

511 4476 523 4485 .
629 4451 1029 4514 usitatissimus,
1075 4466 1178 4520 quo
1226 4452 1510 4505 carminum
1558 4452 1818 4519 epicorum
1838 4452 2046 4531 ‘ingens
2083 4450 2240 4502 moles
2285 4450 2534 4513 decurrit,
2590 4451 2648 4501 in
2681 4450 2898 4515 singulis
2957 4449 3298 4506 hemistichiis
3345 4455 3529 4506 comm

629 4520 859 4585 syllabas
910 4520 1162 4587 postulat;
1210 4520 1384 4587 plures
1425 4521 1484 4571 iu
1528 4520 1645 4573 aliis
1694 4534 1981 4571 carminum
2017 4520 2288 4586 generibus
2339 4534 2641 4587 componere
2675 4518 2846 4570 solent
2878 4518 3062 4585 poetae
3095 4533 3160 4571 ex
3207 4522 3406 4574 arbitrio
3433 4519 3524 4586 ple·

628 4604 864 4657 rumque,
898 4591 961 4640 ut
985 4587 1327 4641 Bhartriharis
1349 4589 1403 4639 in
1428 4590 1701 4641 sententiis
1736 4588 1978 4640 membris
2011 4588 2330 4654 syllabarum
2366 4590 2696 4657 septenarum
2731 4586 2981 4638 denarum
3023 4589 3292 4657 subiungit
3329 4588 3526 4640 membra

632 4656 924 4709 vicenarum
961 4658 1217 4711 binarum.
1285 4656 1437 4709 Indos
1484 4658 1622 4709 omni
1654 4659 1759 4711 fere
1793 4657 1922 4709 artis
1956 4670 2138 4723 genere
2171 4656 2396 4709 imbutos
2431 4657 2492 4708 rh
2535 4656 2749 4717 firmum,
2787 4656 2823 4707 i.
2857 4671 2900 4707 e.
2941 4656 3206 4708 certiorem
3241 4656 3522 4723 syllabarum

630 4725 863 4777 brevium
906 4730 960 4777 et
995 4726 1271 4794 longarum
1318 4725 1549 4778 ordinem
1593 4727 1650 4779 in
1686 4725 1994 4795 quibusdam
2040 4724 2250 4777 distichi
2295 4725 2419 4777 locis
2455 4742 2484 4777 a
2523 4728 2754 4793 optasse,
2799 4724 2880 4775 vel
2925 4725 3313 4777 consonantiam
3345 4722 3520 4774 finalem

629 4794 893 4846 interdum
938 4796 1143 4847 maioris
1189 4798 1400 4847 ornatus
1448 4810 1605 4847 causa
1638 4794 1924 4857 addidisse,
1961 4794 2078 4861 quis
2113 4794 2418 4847 mirabitur?
2477 4794 2548 4848 Ut
2582 4795 2638 4846 in
2679 4790 3112 4869 Ghatakarparo,
3151 4793 3297 4845 cuius
3329 4793 3520 4861 primum

628 4863 821 4915 slocum
860 4863 1052 4930 profert
1086 4864 1317 4943 Boppius
1351 4864 1409 4914 in
1443 4863 1669 4917 editione
1702 4863 1819 4915 Nali
1852 4866 1872 4926 (
1909 4862 2028 4915 raef.
2065 4876 2116 4929 p.
2156 4862 2324 4925 vnn:

1103 4932 1300 4983 πιὸιταὴ
1335 4930 1486 4983 ΙεΙιαηι
1520 4927 1709 5001 upeitya
1743 4930 1827 4985 nir
1897 4932 1983 4983 aih
2018 4983 2022 4995 ἓ
2042 4928 2832 4999 ρνίῃαὴᾶιᾶἠνάαῃᾶυαῃίωᾱξίὴ

1096 4999 1304 5053 salilciir
1338 4998 1551 5053 nihitan'z
1584 5000 1755 5065 radah
1790 5001 1996 5053 kshitau
2026 5013 2047 5067 Ιι
2076 4998 2438 5051 rame-andrean
2473 5000 2571 5069 api
2601 4996 3051 5066 nb'palakshitiu.

632 5066 764 5119 Ecce
796 5071 1135 5123 consonantia
1156 5068 1327 5122 finalis
1362 5072 1716 5138 contraposita
1750 5068 2022 5137 bisyllaba,
2059 5070 2188 5137 quin
2225 5069 2510 5136 trisyllaba,
2539 5068 2776 5137 syllabae
2805 5068 2861 5120 in
2895 5066 3067 5137 priore
3095 5066 3324 5121 umbre·
3353 5062 3520 5115 auiue-

632 5150 733 5203 que
768 5150 944 5189 versus
979 5137 1158 5203 denae,
1193 5140 1252 5192 in
1286 5139 1567 5207 posteriore
1600 5138 1855 5192 undenae.
3373 5162 3382 5173 ·
