3717 5642
1257 483 1639 534 mantano
1677 483 2041 536 sumum.
2640 467 2760 540 ,ΠΙ-
2784 467 2909 534 VH)
2983 467 3117 538 vn

205 652 528 732 romanica,
574 659 878 739 operante
921 653 1195 739 amplius
1237 653 1495 738 linguae
1523 654 1794 741 gallicae
1821 654 2101 740 ingenio,
2144 676 2335 741 quam
2363 655 2878 742 promessionem
2904 659 3117 724 nescit

206 761 409 847 lingua
443 761 796 844 hibernica,
841 786 897 830 e.
927 785 1022 848 gr.
1065 771 1498 832 nauseantem
1537 789 1576 829 v
1618 765 1726 832 vel
1765 789 1822 830 w
1860 766 1933 830 in
1967 787 2075 851 qu,
2113 787 2209 850 9³0
2250 765 2607 832 britannice
2649 775 2715 834 et
2750 767 2821 832 in
2846 769 3117 834 vocibus

211 870 446 954 gallicis
491 874 854 955 romanicis,
897 894 1064 959 quae
1107 873 1436 942 hibernico
1475 875 1552 942 fit
1581 877 1644 959 J,
1690 875 1844 942 item
1884 874 2299 962 praemissam
2344 876 2661 942 cambrice
2702 879 2747 957 i,
2788 899 2851 961 y,
2894 899 2943 960 e,
2988 886 3060 944 ut
3086 901 3119 944 e

209 983 416 1067 gallice
463 992 618 1050 ante
660 983 1037 1050 coniunctas
1079 1005 1172 1070 op,
1211 995 1288 1066 et,
1331 1006 1412 1050 sc.
1499 984 1854 1052 Destitutio
1900 985 2269 1067 mediarum,
2316 1007 2591 1053 excussa
2631 989 3009 1072 praesertim
3046 1013 3111 1074 9,

209 1093 260 1156 in
300 1091 556 1160 Galliae
597 1093 940 1160 romanicis
982 1095 1408 1162 monumentis
1449 1095 1642 1162 medii
1687 1095 1830 1160 aevi
1873 1117 2075 1181 aeque
2116 1102 2372 1162 vetusta
2400 1105 2501 1162 est
2542 1105 2731 1182 atque
2775 1097 2845 1164 in
2874 1098 3117 1166 britan-

209 1203 372 1284 nicis,
415 1204 702 1270 tenuium
745 1203 908 1272 adeo
939 1205 1372 1272 destitutionis
1413 1205 1706 1292 exempla
1743 1205 2069 1274 romanica
2108 1190 2340 1291 ‘gallica
2366 1206 2721 1274 vetustiora
2750 1217 2901 1274 sunt
2926 1231 3115 1295 quam

213 1313 574 1381 britannica.
643 1313 906 1382 Prolata
945 1315 1107 1382 haec
1133 1315 1377 1384 videsis
1419 1317 1488 1382 in
1515 1316 1744 1384 mediis
1783 1325 1848 1384 et
1873 1315 2173 1384 tenuibus
2200 1315 2577 1384 britannicis
2618 1315 2758 1404 (pp.
2798 1319 2937 1384 145.
2974 1320 3115 1384 146.

215 1425 334 1492 160.
381 1424 560 1509 161).

361 1537 422 1600 3.
493 1532 1000 1602 Terminationes
1053 1535 1368 1621 quaedam
1421 1535 1716 1623 propriae
1767 1535 2027 1622 linguae
2068 1535 2495 1620 britannicae,
2548 1546 2615 1603 et
2656 1559 2815 1624 quas
2858 1539 3115 1624 ignorat

210 1642 538 1726 hibernica,
583 1655 964 1730 apparentes
1005 1647 1078 1712 in
1118 1647 1386 1714 vocibus
1426 1645 1676 1732 gallicis
1721 1649 2015 1732 vetustis,
2056 1672 2113 1716 e.
2144 1671 2237 1735 gr.
2268 1667 2376 1712 -en
2415 1647 2521 1714 vel
2549 1669 2657 1712 -os
2698 1657 2857 1714 nota
2896 1648 3116 1735 singu·

211 1753 458 1820 latitatis
504 1755 576 1820 in
601 1755 966 1822 nominibus
995 1757 1354 1843 plantarum
1395 1753 1770 1839 ysioeoove'r,
1817 1751 2114 1844 σκοβιήν,
2158 1758 2453 1838 titumen,
2484 1756 2789 1824 betilolen
2817 1757 2913 1846 (p.
2936 1758 3113 1844 296),

211 1875 265 1930 et
295 1865 363 1930 in
404 1867 666 1932 nomine
717 1867 846 1933 loci
899 1866 1116 1953 gallici
1157 1867 1440 1934 Aballon
1489 1867 1840 1953 (Aballone
1882 1868 2007 1934 abl.
2050 1869 2121 1934 in
2160 1867 2313 1936 Itin.
2332 1918 2351 1950 ,
2396 1868 2632 1934 cambr.
2677 1879 2803 1936 vet.
2849 1868 3113 1951 ababa,

210 1976 460 2056 ausum,
503 1975 652 2042 hod.
695 1977 953 2059 afalbn,
994 1978 1218 2060 malus,
1258 1979 1466 2060 arbor,
1509 2001 1574 2065 p.
1609 1977 1797 2062 819),
1841 1990 1929 2044 -et
1969 1978 2332 2044 terminatio
2372 1978 2618 2060 numeri
2661 1979 2926 2064 pluralis
2972 1979 3113 2068 (pp.

210 2085 334 2150 291.
365 2086 526 2170 292)
565 2087 636 2152 in
676 2087 936 2154 nomine
973 2088 1338 2174 germanico
1383 2111 1464 2154 ex
1507 2109 1618 2154 ore
1659 2087 1893 2174 gallico
1935 2087 2153 2154 audito
2196 2111 2235 2156 a
2262 2087 2545 2156 Caesare
2572 2087 2899 2172 Usipetes,
2944 2089 3117 2174 quod

211 2193 336 2261 aliis
379 2196 802 2283 scriptoribus
847 2197 988 2263 sine
1029 2197 1476 2266 terminatione
1521 2197 1758 2284 gallica
1799 2208 1903 2265 est
1940 2197 2167 2284 Usipi,
2214 2197 2449 2285 Usipii,
2492 2198 2717 2266 eodem
2757 2198 2947 2265 modo
2990 2219 3117 2284 quo

209 2304 360 2390 apud
403 2305 690 2373 Plinium
733 2307 824 2393 (3,
857 2307 972 2392 20)
1025 2318 1176 2374 sunt
1225 2309 1404 2374 iuxta
1447 2307 1796 2376 Sarunetes
1853 2307 2045 2374 etiam
2085 2307 2533 2389 Vennonetes,
2586 2307 2699 2394 qui
2748 2305 3117 2374 Ptolemaeo

207 2427 502 2482 vocantur
552 2409 922 2491 Οὗέννονες.
3056 2473 3062 2482 .

361 2529 422 2593 4.
494 2527 707 2594 Voces
752 2527 1060 2614 quaedam
1103 2527 1175 2592 in
1215 2528 1579 2596 nominibus
1622 2527 1877 2616 gallicis
1920 2527 2191 2596 vetustis
2236 2539 2301 2594 et
2342 2525 2750 2612 britannicis,
2800 2547 2963 2614 quae
3006 2528 3117 2593 de-

211 2649 342 2702 sunt
381 2639 456 2704 in
483 2637 820 2706 hibernica
843 2638 1080 2724 lingua.
1145 2637 1312 2705 Prae
1339 2639 1484 2706 aliis
1527 2635 1917 2704 nominanda
1958 2648 2061 2706 est
2085 2638 2399 2726 particula
2423 2635 2872 2725 inseparabilis
2900 2659 3115 2724 φινεμ,

203 2769 361 2832 quw,
405 2769 553 2836 yor-
607 2748 846 2815 usitata
899 2747 1090 2814 etiam
1144 2748 1212 2812 in
1252 2747 1562 2816 hodierna
1601 2749 1824 2835 lingua
1867 2749 2217 2830 embrica,
2271 2749 2572 2836 nequens
2623 2748 2693 2814 in
2749 2747 3117 2815 nominibus

210 2858 480 2946 propriis
525 2859 804 2925 virorum
849 2857 1220 2946 compositis
1261 2858 1636 2926 britannicis
1681 2859 1874 2925 medii
1920 2858 2081 2940 aevi,
2128 2857 2464 2925 cambricis
2510 2865 2575 2924 et
2618 2856 3002 2940 aremoricis,
3048 2867 3120 2923 ut

209 2963 268 3031 in
305 2968 676 3036 nominibus
731 2969 1002 3036 vetustis
1053 2967 1303 3056 gallicis
1363 2979 1427 3036 et
1466 2968 1842 3036 britannicis
1855 3019 1873 3052 ,
1932 2993 1987 3036 e.
2032 2992 2127 3056 gr.
2172 2967 2665 3056 Vercingetorix
2678 3016 2698 3050 ,
2757 2975 3115 3054 vertragus,

208 3075 668 3161 Vei-nemetum,
714 3079 1132 3166 Vertigernus
1160 3090 1281 3146 etc.
1327 3077 1440 3162 (cf.
1469 3101 1576 3165 pp.
1617 3080 1754 3146 130.
1807 3081 1927 3146 133
1972 3091 2039 3146 et
2066 3079 2241 3164 895),
2288 3078 2471 3146 cuius
2512 3077 2867 3166 particulae
2898 3079 3118 3176 ‘inten-

208 3188 370 3255 sivae
399 3190 474 3255 in
501 3189 722 3276 lingua
749 3189 1080 3256 hibernica
1106 3189 1352 3254 nullum
1377 3189 1720 3275 vestigium
1745 3189 1902 3254 mihi
1930 3191 2186 3256 obvium
2216 3199 2333 3255 est.
2386 3187 2587 3255 Porro
2615 3187 2780 3255 aliae
2808 3188 3118 3274 quaedam

211 3319 420 3367 voces:
499 3324 672 3364 anau
715 3298 977 3384 (cambr.
1021 3298 1169 3364 hod.
1216 3321 1398 3363 anaw
1439 3319 1666 3380 masc„
1711 3297 1937 3382 forma,
1980 3299 2346 3381 harmonia,
2394 3297 2673 3385 poesis),
2721 3319 2884 3384 quae
2927 3298 3119 3364 obvia

205 3419 292 3474 est
342 3411 411 3476 in
459 3411 828 3478 nominibus
865 3409 1304 3495 frequentibus
1346 3407 1631 3474 virorum
1684 3408 1792 3474 vel
1841 3407 2214 3476 feminarum
2258 3407 2595 3475 cambi-icis
2648 3418 2715 3476 et
2755 3409 3121 3476 aremoricis

201 3517 332 3586 libri
373 3521 830 3588 Laudavensis
869 3520 976 3586 vel
1005 3517 1371 3586 chartularii
1403 3517 1850 3584 Rhedonensis
1881 3519 2275 3606 compositis,
2318 3527 2393 3582 nt
2418 3518 2747 3603 Ammon,
2786 3517 3119 3599 Amnum,

207 3629 604 3714 Anauweten,
649 3633 1059 3711 Anauworet,
1103 3629 1395 3710 Rianau,
1439 3627 1772 3709 Dreanau,
1822 3627 2117 3694 Balamm
2161 3638 2281 3694 etc.
2338 3627 2479 3714 (pp.
2530 3627 2668 3692 129.
2719 3625 2900 3711 132),
2956 3649 3119 3714 quae

207 3739 387 3806 obvia
441 3750 549 3809 est
606 3739 796 3808 etiam
847 3748 976 3806 tam
1031 3738 1317 3804 derivata
1371 3759 1560 3824 quam
1611 3737 1784 3803 nuda
1831 3737 1990 3804 item
2040 3737 2109 3803 in
2160 3735 2523 3804 nominibus
2580 3737 2813 3803 cambr.
2858 3737 3123 3802 Anauoc

199 3845 325 3916 Lib.
370 3851 584 3918 Laud.
632 3853 776 3932 156,
821 3871 1014 3917 arem.
1059 3847 1254 3914 Anas
1295 3846 1498 3914 Rhed.
1547 3849 1606 3929 1,
1633 3847 1738 3914 48.
1779 3847 1865 3914 D.
1894 3846 2059 3914 Mor.
2102 3848 2260 3930 272,
2304 3867 2471 3933 quae
2511 3867 2641 3913 vox
2680 3846 2809 3912 iam
2850 3855 3123 3932 apparet

201 3957 338 4025 item
391 3963 578 4029 nuda
631 3961 702 4026 in
765 3960 1022 4027 nomine
1079 3956 1302 4045 oppidi
1359 3957 1441 4022 ad
1481 3955 1848 4023 Danuvium
1884 3945 2171 4019 ’Άναυον
2222 3955 2454 4041 (ultimi
2500 3954 2883 4042 Germaniae
2944 3955 3121 4022 circa

203 4065 349 4136 fines
391 4069 798 4154 Pannoniae,
847 4069 960 4136 ubi
1005 4068 1148 4135 sine
1193 4066 1383 4132 dubio
1427 4065 1642 4149 gallici
1685 4066 1907 4154 populi
1954 4064 2403 4150 consederant)
2448 4065 2617 4153 apud
2660 4063 3117 4148 Ptolemaeum,

205 4191 264 4242 et
295 4181 364 4246 in
391 4183 662 4250 nomine
702 4179 980 4248 feminae
1008 4176 1356 4244 Anauonia
1394 4175 1464 4241 in
1491 4175 1911 4264 inscriptione
1953 4176 2122 4264 apud
2152 4173 2354 4243 Stein.
2386 4177 2531 4259 985,
2576 4175 2862 4241 derivato
2904 4184 2975 4240 ut
2994 4175 3124 4242 alia

207 4292 457 4359 noniina
501 4293 764 4378 propria
803 4292 874 4356 in
916 4291 1155 4370 -onius,
1198 4285 1382 4353 -onia
1422 4286 1515 4371 (p.
1564 4285 1740 4370 772).
1833 4285 2167 4374 Frequens
2210 4294 2311 4352 est
2352 4285 2545 4351 stiam
2583 4285 2962 4351 vocabulum
3002 4307 3123 4350 eun

207 4399 264 4462 in
287 4403 664 4468 nominibus
707 4400 1083 4469 britannicis
1113 4395 1562 4479 Cunobilinus,
1611 4393 2026 4478 Cunotamus,
2071 4393 2523 4480 Cunomaglus,
2564 4392 3007 4480 Maglocunus‚
3052 4407 3125 4459 ut

205 4507 262 4573 in
289 4512 552 4596 gallicis
591 4502 904 4592 Ἀρκῶνια
938 4499 1062 4596 ῗῖρη
1107 4531 1210 4594 ap.
1239 4507 1530 4588 Aristot.,
1575 4503 1907 4592 Hercynia
1936 4505 2120 4588 silva,
2154 4505 2583 4571 Hercuniates
2614 4503 2923 4591 (populus
2951 4501 3123 4570 Pan·-

205 4621 454 4706 noniae)
487 4645 596 4708 ap.
629 4601 799 4687 Fun.
830 4621 944 4707 (de
974 4622 1206 4707 quibus
1231 4619 1456 4684 videas
1484 4637 1592 4701 pp.
1615 4617 1718 4681 92.
1747 4616 1860 4680 101
1890 4615 2048 4700 sq.);
2076 4615 2247 4682 haud
2276 4614 2469 4682 dubie
2494 4637 2627 4680 non
2650 4613 2859 4680 differt
2886 4614 3120 4683 cambr.

205 4726 330 4797 hod.
373 4755 516 4796 oum
563 4731 947 4815 (summitas,
994 4713 1279 4810 altitudo,
1323 4730 1392 4793 in
1434 4725 1802 4812 compositis
1848 4725 1969 4790 adi.
2018 4725 2237 4810 altus),
2282 4747 2363 4790 ex
2392 4745 2517 4810 quo
2562 4743 2769 4809 comp.
2816 4732 2881 4788 et
2922 4724 3120 4789 deriv.

205 4841 542 4928 erchyniad
581 4840 925 4927 (elevatio)
981 4849 1048 4908 et
1088 4841 1284 4907 deriV.
1329 4861 1558 4925 001>an
1599 4835 1999 4920 (summitas,
2058 4835 2362 4920 culmen).
2448 4831 2721 4901 Hibern.
2764 4844 2891 4900 vet.
2937 4855 3119 4898 onoc-0

208 4949 306 5036 (gl.
351 4955 604 5039 gibber,
651 4953 740 5039 gl.
797 4950 1014 5036 ulcus)
1059 4949 1170 5039 Sg.
1205 4952 1328 5017 22·.
1362 4948 1486 5014 23⁵.
1532 4947 1638 5014 Pr.
1671 4945 1778 5013 Cr.
1807 4947 1869 5012 9·
1915 4945 2134 5015 eodem
2180 4944 2371 5011 modo
2416 4941 2500 5009 ad
2541 4941 2687 5010 brit.
2720 4965 2919 5008 eunuc
2958 4943 3120 5008 refe-

209 5065 460 5130 rendum
509 5073 632 5144 est,
681 5085 810 5149 quo
854 5061 986 5130 hib.
1029 5063 1207 5148 qnia,
1253 5061 1482 5147 doyniu
1526 5057 1755 5143 (facio)
1801 5056 1883 5122 ad
1929 5056 2160 5122 cambr.
2205 5053 2351 5120 hod.
2390 5075 2597 5140 ywna,
2637 5051 3017 5138 qwneuthur,
3060 5059 3125 5115 et

213 5173 330 5242 fere
373 5175 638 5242 videtur
679 5181 1167 5259 transumptum,
1215 5193 1362 5236 cum
1404 5191 1535 5235 non
1582 5191 1661 5234 ex
1691 5166 1840 5233 aliis
1884 5165 2237 5232 hibernicis
2278 5163 2547 5229 vocibus
2592 5159 2851 5246 cognita
2891 5161 2978 5227 sit
3018 5183 3124 5227 ea-

219 5284 342 5354 dem
383 5287 582 5354 radix
635 5294 700 5352 et
745 5291 1035 5350 servetur
1081 5305 1112 5344 c
1157 5279 1312 5348 dura
1355 5277 1600 5362 finalis,
1657 5285 1728 5342 ut
1768 5276 1838 5344 in
1879 5275 2079 5343 sebove
2124 5273 2239 5360 (31.
2286 5271 2519 5360 capus)
2564 5269 2675 5358 Sg.
2714 5271 2881 5356 105⁸,
2938 5271 3122 5338 ouius
