3717 5642
939 382 1052 453 IV.
1098 382 1157 449 2.
1216 400 1453 451 rmus.
1498 399 1886 451 nonninus
1929 398 2335 451 omnium.
2590 386 2902 451 (656-658)
2967 386 3090 452 693

211 598 375 662 quam
412 595 483 641 se
526 572 767 639 vidisse
808 570 1006 639 filium
1047 594 1123 639 ac
1164 580 1409 659 patrem
1452 592 1656 657 acque
1700 570 1980 657 similes)
2027 572 2084 653 3,
2115 570 2215 637 32.
2264 572 2494 659 qauael
2526 574 2778 659 qadarn
2821 578 3090 660 ayeueiet

209 700 275 741 ar
308 675 681 763 qedymdeitlz
716 675 1053 761 ynhertwd
1100 673 1319 759 ymlad
1356 674 1874 761 aphrouediqaeth
1925 696 1970 759 9
2017 674 2186 761 qorff
2221 674 2478 739 achadw
2519 674 2824 761 leywirdeb
2875 676 3096 761 wrtlzyt

206 778 369 841 althea
416 774 741 863 (captione
794 775 943 843 forti
998 776 1231 863 cepisti
1274 774 1555 843 sodalem
1598 774 1950 843 secundum
1993 774 2090 857 id,
2152 774 2323 861 quod
2371 777 2684 863 pugnavit
2725 786 2789 843 et
2825 786 3094 865 tempta-

206 879 283 943 vit
320 898 544 963 corpus
588 898 773 943 suum
827 886 893 942 et
946 878 1225 945 servavit
1264 877 1691 964 integritatem
1748 898 1902 963 erga
1941 876 2036 963 te)
2095 878 2153 959 3,
2199 881 2297 944 15.
2365 881 2616 967 aqwedy
2664 880 2749 963 ffo
2797 902 2842 965 9
2895 879 3096 943 lluoed

202 980 417 1045 achlan.
462 990 663 1065 mynet
704 981 926 1045 arthur
968 1002 1041 1045 ae
1066 1001 1199 1065 wyr
1234 1002 1322 1065 9η
1364 1002 1437 1045 eu
1460 982 1647 1067 ywyd
1680 1000 1807 1067 9π9
1852 979 2016 1065 llonq
2059 979 2156 1065 (et
2181 991 2518 1069 postquam
2543 982 2842 1067 fugerunt
2869 982 3094 1067 copiae

202 1091 463 1164 cunctae,
506 1081 601 1149 ire
641 1082 725 1147 A.
771 1090 837 1148 et
874 1079 1165 1147 homines
1212 1081 1349 1149 eius
1393 1104 1605 1149 coram
1648 1104 1737 1164 se,
1782 1102 2068 1168 pergere,
2113 1082 2196 1148 ad
2235 1106 2494 1165 navem3
2531 1106 2620 1169 yn
2662 1106 2736 1147 eu
2775 1084 2977 1171 ywyd,
3023 1081 3094 1147 in

202 1183 538 1273 praesentia
578 1206 727 1265 sua,
774 1205 981 1251 coram
1028 1205 1127 1266 se,
1173 1183 1251 1249 cf.
1296 1182 1423 1251 bib.
1452 1184 1625 1269 fiad)
1684 1186 1741 1266 2,
1790 1186 1934 1249 240.
2028 1182 2275 1251 Eodem
2331 1185 2652 1271 pertinent
2699 1207 2744 1270 9
2783 1206 2950 1249 maes
2995 1184 3092 1267 (in

204 1308 497 1374 campum,
554 1284 759 1373 foras)
802 1295 869 1353 et
904 1307 1149 1373 ymywn
1190 1284 1289 1369 (in
1330 1287 1641 1370 medium,
1686 1286 1882 1373 intra)
1935 1296 2087 1373 post
2125 1286 2320 1353 verba
2361 1286 2690 1368 motionis,
2745 1286 2816 1351 in
2857 1287 3090 1373 quibus

204 1399 431 1477 propter
484 1398 720 1455 statum
763 1388 985 1455 durum
1039 1386 1427 1475 praepositio
1472 1410 1517 1473 9
1570 1388 1849 1475 supponi
1889 1389 2113 1475 nequit
2127 1439 2144 1471 ,
2200 1399 2388 1477 atque
2425 1410 2668 1475 ymywn
2711 1388 2811 1474 (in
2851 1388 3091 1477 medio)

236 1516 297 1559 ro
331 1516 417 1580 9η
458 1513 679 1578 mym.

204 1516 239 1581 p
344 1593 420 1660 In
460 1592 685 1659 finium
729 1591 1265 1679 descriptionibus
1308 1591 1455 1660 libri
1482 1590 1686 1659 Laud.
1732 1612 1811 1655 ar
1854 1602 2028 1657 &aas
2071 1602 2135 1659 et
2175 1593 2244 1657 in
2273 1604 2447 1657 tram
2487 1592 2848 1679 promiscue
2891 1594 3090 1679 signi-

206 1697 373 1763 ficant
412 1706 583 1762 reeta
599 1714 811 1780 porro.
883 1692 1044 1759 Item
1085 1714 1203 1779 pro
1248 1714 1327 1759 ar
1352 1693 1414 1759 ol
1452 1694 1683 1780 legitur
1720 1717 1809 1781 yn
1838 1695 1900 1758 ol
1939 1694 2405 1780 significatione
2445 1717 2576 1761 non
2605 1702 2861 1775 mutata,
2907 1717 3090 1780 prae-

208 1800 395 1865 sertim
435 1818 579 1865 cum
620 1796 993 1883 pronomine
1034 1796 1263 1862 infixo:
1314 1820 1401 1882 yn
1443 1797 1504 1861 ol
1534 1818 1579 1883 9
1622 1798 1832 1880 twrwf
1859 1819 1904 1880 9
1947 1798 2086 1861 daw
2127 1796 2328 1865 kawat
2380 1797 2560 1884 (post
2599 1796 2934 1862 tumultum
2977 1820 3085 1862 ve-

206 1901 317 1967 niet
352 1896 726 1986 tempestas)
768 1896 945 1967 Mab.
982 1900 1035 1980 1,
1068 1897 1127 1965 8.
1182 1900 1433 1964 minmu
1475 1900 1601 1983 aas
1626 1898 1737 1985 yth
1778 1898 1839 1963 ol
1881 1900 1934 1963 ti
1975 1898 2126 1984 (ego
2169 1899 2276 1966 ibo
2318 1900 2388 1965 in
2427 1908 2538 1965 tuo
2580 1898 2884 1985 vestigio,
2931 1908 3082 1986 post

204 2000 281 2084 te)
324 2003 373 2081 1,
402 2000 545 2067 237.

344 2101 569 2190 Praep.
626 2124 670 2189 9
720 2110 869 2168 ante
922 2101 1322 2169 substantiva
1374 2102 1683 2188 quaedam
1740 2110 1844 2169 est
1906 2099 2081 2167 haud
2134 2100 2325 2169 dubie
2379 2103 2450 2167 di
2509 2102 2671 2187 (hib.
2715 2100 2858 2185 do):
2923 2124 2998 2164 ac
3046 2123 3090 2185 9

200 2204 347 2289 9ηι9ῑ
390 2227 433 2290 9
464 2225 673 2291 prena
708 2202 1043 2291 ydeuthum
1092 2205 1188 2287 (et
1228 2204 1311 2269 ad
1352 2204 1519 2270 latus
1564 2204 1808 2271 arboris
1822 2254 1838 2285 ‚
1901 2204 1983 2270 ad
2025 2206 2316 2272 arborem
2359 2204 2538 2289 veni)
2581 2202 2754 2272 Mab.
2803 2206 2858 2285 1,
2889 2205 2948 2269 8.
3023 2205 3094 2268 di

202 2307 501 2391 quar-tham
542 2306 815 2391 campull
854 2304 969 2390 (ad
1011 2327 1323 2372 summum
1366 2304 1463 2387 0.,
1510 2305 1792 2392 amnem)
1833 2306 1910 2373 L.
1939 2306 2144 2373 Laud.
2176 2308 2274 2372 70.

342 2406 739 2494 Praepositio
782 2428 817 2473 o
859 2406 1212 2493 praemissa
1254 2406 1670 2474 substantivis
1712 2408 1924 2475 locum
1965 2418 2032 2475 et
2074 2429 2330 2475 causam
2369 2406 2827 2476 indicantibus:
2874 2432 2908 2472 o
2951 2407 3095 2471 emil

204 2510 253 2571 ir
285 2511 407 2575 cair
448 2510 673 2575 tollcot‘t
726 2509 799 2595 (a
840 2509 1039 2575 latere
1083 2510 1278 2576 castri
1316 2508 1421 2591 T.,
1476 2530 1517 2575 a
1556 2517 1767 2576 castro
1810 2508 1918 2595 T.)
1955 2508 2032 2577 L.
2072 2510 2276 2577 Land.
2325 2512 2462 2575 179.
2527 2531 2564 2573 ο
2601 2512 2762 2574 maie
2811 2512 2841 2573 ι’
2881 2514 3090 2597 queir-

204 2612 362 2677 claud
394 2612 553 2677 inlati
582 2632 757 2696 penu
809 2613 841 2676 i
873 2613 1238 2698 yueirelaud
1290 2610 1500 2697 (extra
1540 2621 1787 2697 pratum
1828 2633 2034 2698 usque
2077 2612 2160 2678 ad
2201 2612 2456 2679 initium
2497 2611 2692 2699 prati)
2737 2612 2878 2678 257.
2945 2635 3089 2698 oyy-

202 2712 479 2777 kas-cham
502 2713 595 2799 yd
617 2712 773 2800 ydys
800 2712 1075 2779 oaohaws
1108 2714 1451 2779 marchawc
1493 2712 1942 2798 (incarceratio
1971 2736 2114 2780 mea
2153 2724 2254 2781 est
2293 2723 2551 2803 propter
2578 2713 2883 2802 equitem)
2913 2712 3088 2780 Mab.

208 2818 251 2895 l,
278 2816 367 2881 31.
416 2816 624 2901 hynny
666 2814 752 2878 ou
790 2814 891 2879 oth
932 2816 1173 2881 achaeos
1216 2818 1288 2881 di
1324 2814 1515 2901 (haec
1557 2816 1767 2883 omnia
1808 2827 1920 2882 tua
1961 2836 2172 2897 causa,
2216 2824 2476 2903 propter
2515 2814 2611 2901 te)
2659 2818 2714 2898 1,
2747 2818 2887 2883 283.

343 2916 765 3005 Frequentius
810 2939 997 3005 quam
1036 2917 1107 2982 in
1144 2917 1367 3004 lingua
1404 2916 1737 2984 hibernica
1776 2918 1888 3003 (cf.
1935 2918 2204 2983 arabena
2216 2964 2234 2997 ‚
2279 2918 2612 2996 archium,
2655 2930 2932 3001 tamenn,
2977 2942 3086 3006 pp.

202 3021 321 3085 622.
349 3019 501 3105 658)
542 3018 1087 3107 praepositionum
1112 3020 1319 3087 locum
1363 3028 1585 3086 tenent
1610 3020 1932 3086 cambrica
1959 3018 2216 3085 nomina
2241 3020 2674 3102 membrorum,
2717 3020 3087 3105 praemissis

63 3192 65 3211 ἶ
200 3122 327 3187 item
364 3118 945 3209 praepositionibus
985 3130 1115 3188 tam
1154 3121 1325 3188 veris
1370 3143 1555 3209 quam
1582 3121 2033 3203 nominalibuS,
2077 3129 2150 3185 ut
2177 3142 2299 3201 am,
2338 3142 2444 3206 yn,
2475 3143 2604 3203 rac,
2646 3142 2776 3207 yar,
2821 3122 2931 3202 hic,
2955 3124 3086 3209 ,kyt

196 3244 269 3307 yn
314 3236 423 3290 etc.
518 3220 912 3289 Pronomina
958 3222 1065 3291 hic
1116 3245 1367 3311 quoque
1420 3223 1765 3309 infiguntur
1812 3222 2206 3312 possessiva.
2307 3220 2724 3291 substantiva
2777 3222 3086 3289 eiusmodi

63 3326 65 3375 ῗ
201 3336 349 3392 sunt:
376 3348 547 3412 penu
576 3322 850 3413 (caput),
894 3326 988 3391 tal
1012 3324 1266 3412 (frons),
1313 3324 1507 3391 bronu
1535 3325 1842 3413 (pectus),
1891 3326 2032 3391 llaw
2074 3322 2384 3410 (manus).
2503 3372 2528 3391 .

343 3425 607 3493 PENN:
662 3448 791 3513 yny
846 3428 948 3493 del
980 3450 1025 3514 9
1066 3426 1218 3491 iarll
1239 3476 1255 3493 .
1280 3477 1295 3492 .
1324 3477 1337 3492 .
1369 3448 1475 3492 am
1507 3450 1679 3513 penu
1715 3451 1762 3516 9
1802 3431 1882 3495 lle
1921 3429 2106 3493 Izwmt
2160 3424 2396 3510 (donec
2453 3424 2912 3493 circumveniet
2980 3448 3086 3491 co-

63 3510 65 3513 ’
198 3551 315 3596 mes
350 3530 517 3595 hunc
558 3528 803 3614 locum)
844 3526 1019 3595 Mab.
1056 3532 1112 3611 1,
1152 3529 1295 3594 252.
1346 3551 1518 3615 qwas
1560 3530 1759 3617 melyro
1796 3552 1888 3615 yn
1929 3525 2290 3616 dquydaw
2341 3547 2420 3590 ar
2451 3548 2620 3612 penu
2670 3548 2714 3611 9
2757 3528 2889 3591 [inu
2937 3549 3087 3613 yeyr

201 3630 329 3695 bron
360 3630 625 3717 per-edm·
682 3628 873 3717 (puer
912 3628 1117 3696 flavus
1174 3630 1411 3696 cadens
1461 3631 1531 3697 in
1574 3642 1765 3719 caput
1806 3653 2003 3717 genu,
2055 3630 2098 3695 i.
2132 3652 2186 3697 e.
2229 3630 2298 3694 in
2340 3650 2538 3714 genu,
2598 3649 2814 3693 coram
2856 3626 2963 3713 P.)
3029 3632 3082 3710 1,

200 3732 319 3798 295.
364 3730 685 3819 qobennyd
722 3753 759 3795 ο
788 3730 917 3796 bale·
953 3732 1093 3797 ooch
1134 3732 1263 3797 dan
1298 3752 1465 3818 pean
1501 3754 1545 3819 9
1588 3734 1708 3797 elin
1754 3732 2064 3817 (cervical
2109 3730 2298 3798 serici
2338 3728 2515 3795 rubri
2557 3730 2676 3794 sub
2721 3730 2858 3795 eius
2904 3724 3085 3816 ulna)

202 3837 249 3915 1,
276 3836 327 3899 2.
382 3832 654 3919 ymoden
696 3854 731 3898 o
772 3832 997 3898 curtlia
1034 3856 1140 3920 ym
1176 3855 1340 3919 penu
1378 3857 1423 3921 9
1464 3835 1697 3899 nantel!
1750 3834 1956 3919 (filum
2000 3855 2153 3900 auro
2195 3842 2435 3898 textum
2477 3832 2546 3896 in
2587 3831 2736 3912 fine,
2781 3831 3084 3917 margine,

198 3936 368 4021 panii,
410 3936 651 4003 circum
693 3934 988 4021 pallium)
1036 3937 1089 4016 1,
1122 3936 1180 4001 3.
1234 3936 1349 4021 hyt
1384 3956 1652 4021 ympenn
1696 3938 1919 4001 teirnos
1961 3935 2196 4023 (usque
2240 3934 2322 4000 ad
2349 3934 2541 3999 finem
2568 3932 2758 3998 trium
2783 3933 3082 4013 noctium,

63 4102 65 4105 ,
198 4062 293 4125 per
326 4050 451 4106 tres
494 4046 721 4104 noctes
738 4085 755 4117 ,
798 4036 1043 4121 lignum
1086 4036 1467 4125 suppetens)
1516 4040 1570 4118 1,
1602 4038 1705 4103 31.
1755 4038 2118 4124 qwneuthur
2159 4036 2506 4123 oromqlwyt
2545 4034 2823 4119 uckpenn
2860 4056 2906 4119 9
2943 4056 3085 4120 yer-

201 4164 313 4228 wyn
352 4143 591 4229 (facere
633 4147 871 4205 cratem
913 4160 1258 4205 concavam
1302 4160 1497 4224 supra
1536 4138 1837 4223 lebetem)
1881 4139 1940 4221 3,
1973 4140 2116 4205 210.

338 4244 545 4311 TAL:
604 4242 676 4307 di
714 4240 805 4307 tal
844 4242 907 4305 ir
948 4262 1126 4327 eea-yn
1170 4239 1335 4306 behet
1376 4241 1467 4307 tal
1504 4241 1567 4305 ir
1590 4240 1703 4321 fos
1752 4241 1869 4325 (ad
1912 4239 2086 4307 dorsi
2127 4238 2412 4321 initium,
2465 4258 2668 4324 usque
2723 4236 2806 4301 ad
2845 4236 3086 4303 fossam

63 4370 66 4383 ²
198 4342 639 4436 incipientem),
702 4342 793 4408 bet
834 4343 927 4409 tal
962 4346 1026 4406 ir
1072 4341 1257 4407 ὁπ’ππ
1292 4390 1307 4405 .
1336 4391 1351 4406 .
1378 4344 1462 4427 ..ι’
1501 4342 1593 4407 tal
1629 4344 1691 4406 ir
1716 4344 1857 4426 foss
1907 4342 2144 4429 (usque
2187 4340 2270 4407 ad
2311 4340 2560 4422 collem,
2584 4389 2600 4404 .
2627 4388 2644 4405 .
2693 4338 2776 4403 ad
2816 4336 3084 4421 fossam)

200 4444 258 4511 L.
282 4447 474 4514 Laud.
510 4449 543 4511 1
556 4448 655 4511 15.
687 4446 831 4511 164.
884 4468 963 4510 ar
1004 4444 1099 4510 tal
1131 4467 1177 4529 9
1207 4444 1421 4531 Ροὸ9ἱὶ
1458 4446 1532 4529 ef
1564 4444 1775 4509 awelei
1810 4455 1970 4531 vat
2010 4444 2110 4529 (in
2136 4442 2343 4509 fronte
2383 4440 2658 4523 tentorii,
2704 4448 2850 4506 ante
2878 4450 3085 4506 tento-

198 4549 357 4633 rium,
408 4550 555 4637 ipse
608 4547 873 4614 videbat
924 4546 1195 4631 cibum),
1252 4547 1441 4630 dyuot
1494 4568 1537 4609 a
1578 4566 1727 4609 oruc
1780 4568 1819 4609 α
1857 4557 2130 4631 qostumq
2185 4567 2263 4609 ar
2316 4543 2408 4608 tal
2458 4564 2502 4629 9
2545 4543 2638 4605 lin
2687 4564 2799 4605 rac
2843 4540 2992 4606 bron
3040 4565 3084 4627 9

201 4672 417 4739 uon-noyn
460 4649 717 4737 (venire
762 4658 827 4715 et
866 4648 1196 4715 demittere
1240 4670 1309 4713 se
1352 4647 1423 4712 in
1462 4646 1731 4714 frontem
1775 4668 1982 4733 genus
2025 4645 2154 4727 sui,
2211 4645 2280 4711 in
2322 4666 2522 4730 genu,
2577 4664 2791 4709 coram
2833 4643 3083 4729 puella3

202 4772 363 4838 supra
401 4774 479 4819 ar
510 4772 685 4839 pean
722 4774 767 4838 9
810 4751 931 4837 lin)
972 4748 1147 4817 Mab.
1182 4752 1237 4831 1,
1270 4749 1413 4815 239.

333 4854 667 4923 BRONN:
713 4855 809 4920 hit
850 4852 1044 4919 brom
1083 4852 1147 4915 ir
1187 4851 1295 4934 alt,
1340 4851 1447 4915 dv‘r
1488 4849 1683 4915 broma
1724 4852 1787 4915 ir
1828 4850 1917 4914 alt
1958 4850 2192 4935 (usque
2236 4848 2318 4914 ad
2343 4845 2598 4935 rupem)
2637 4844 2714 4911 L.
2743 4844 2950 4911 Laud.
2983 4846 3083 4911 70.

202 4954 521 5043 dquydaw
562 4976 753 5021 aoruc
794 4977 873 5021 ar
899 4976 1063 5041 penu
1100 4976 1145 5039 9
1174 4954 1263 5017 lin
1300 4972 1453 5039 qeyr
1494 4949 1688 5015 brorm
1726 4974 1809 5036 yr
1835 4952 2222 5017 amkerodres
2262 4948 2526 5033 (cecidit
2564 4948 2634 5012 in
2661 4968 2829 5033 genu
2873 4968 3085 5012 coram

202 5054 594 5143 imperatrice)
622 5054 799 5124 Mab.
836 5060 889 5139 1,
921 5055 1065 5123 281.
1120 5076 1193 5119 ae
1232 5076 1415 5118 vwow
1452 5074 1563 5139 ρον
1605 5052 1797 5117 brom
1826 5055 2015 5119 owein
2056 5053 2154 5139 (et
2181 5050 2456 5140 proiecit
2485 5072 2646 5131 eum,
2692 5048 3082 5134 capreolum,

204 5176 377 5226 coram
418 5158 533 5247 O.)
598 5162 655 5243 1,
701 5158 803 5227 31.
869 5180 915 5245 9
955 5167 1227 5243 neeseynt
1264 5166 1505 5243 wyntm
1546 5166 1735 5221 attam
1787 5155 1896 5241 hyt
1931 5154 2194 5243 ymbrem
2230 5178 2276 5241 9
2315 5152 2532 5219 march
2573 5148 2698 5236 (illi
2743 5150 3084 5239 appropin-
