3717 5642
645 419 769 487 898
813 423 954 487 (8⁷0·
980 424 1100 486 8⁷1)
1248 420 1330 487 V.
1375 421 1434 488 2.
1501 437 1916 489 conrosrrlo
1958 438 2375 488 sarr-Amos
2415 437 2965 488 rma-munaum.

819 605 1056 674 Forma
1114 607 1357 673 variata
1407 607 1596 695 hujus
1651 607 2000 696 particulae
2058 615 2157 673 est
2198 607 2355 690 OM:
2396 630 2475 674 ex
2518 630 2646 696 qua
2686 606 2846 692 EM,
2904 605 3042 672 YM
3100 606 3333 672 eodem
3374 607 3537 671 modo

640 715 817 773 ortae
859 709 1071 795 putari
1114 719 1428 796 poterunt,
1475 731 1600 796 quo
1645 711 1766 794 Ite-,
1811 711 1921 796 hy·
1968 733 2002 775 e
2046 709 2392 776 vetustiore
2436 712 2542 776 ko·
2559 761 2578 794 ‚
2614 713 2741 788 ,ku-
2785 709 2877 796 (p.
2924 709 3004 774 92
3050 707 3203 795 sq.).
3292 706 3543 772 Inveniri

640 817 854 875 tamen
901 810 1196 878 videntur
1237 819 1363 876 tam
1405 813 1525 875 im·
1569 834 1754 898 quam
1799 834 1926 876 om-
1946 809 2093 898 *jam
2136 811 2301 876 inter
2342 813 2426 898 gl.
2469 812 2667 879 be.:
2714 809 3080 877 mobloent
3120 809 3239 896 (gl.
3270 819 3543 896 apocant3
3669 811 3670 842 ³

638 909 679 974 i.
721 932 774 975 e.
822 912 1287 979 calumnientur
1328 913 1495 979 inter
1539 912 1650 979 se?
1695 912 1875 978 cablu
1913 911 2088 978 Mab.
2136 913 2193 994 3,
2227 913 2403 997 267),
2444 915 2790 1000 ὑωνοραῑοα
2820 910 2933 998 (gl.
2964 912 3216 998 orgiis).
3287 909 3542 976 Easdem
3669 1001 3670 1004 Ἴ

642 1011 876 1078 formas
907 1015 1101 1082 habet
1143 1014 1402 1082 cornica
1444 1013 1753 1080 dialectus
1769 1065 1786 1097 ,
1842 1013 2142 1080 rariorem
2198 1036 2317 1078 em-
2365 1014 2595 1099 (semel
2637 1013 2862 1100 emb-),
2904 1013 3401 1100 frequentiorem
3435 1037 3545 1100 φης

633 1113 702 1177 in
750 1113 888 1198 Dr.,
933 1137 1062 1181 om-
1105 1115 1337 1204 (semel
1378 1115 1544 1200 una>
1603 1115 1671 1181 in
1714 1113 1788 1183 P.
1836 1126 1902 1182 et
1944 1113 2083 1182 Cn:
2140 1117 2212 1200 ef
2245 1142 2288 1182 a
2327 1117 2509 1182 welas
2544 1118 2738 1204 yolow
2782 1114 2872 1179 telo
2912 1115 3039 1181 lum
3078 1137 3261 1200 moyn
3302 1115 3544 1200 vmlaezy-

635 1214 725 1298 (is
773 1215 934 1282 vidit
973 1217 1180 1285 lucem
1223 1217 1456 1284 claram
1503 1227 1568 1283 et
1606 1216 1881 1304 lapidem
1928 1217 2338 1302 conversum)
2382 1215 2456 1284 P.
2502 1219 2625 1282 244
2641 1269 2658 1299 ,
2706 1219 2763 1283 3.
2805 1239 2892 1303 pu
2936 1240 3019 1282 an
3062 1215 3351 1301 ommelys
3390 1215 3541 1302 (quis

631 1339 771 1382 eum
827 1321 1140 1386 convertit
1156 1319 1217 1404 Ρ)
1267 1318 1428 1402 253,
1473 1321 1532 1383 4.
1603 1318 1918 1406 ymbreyse
1970 1318 2314 1405 (iudicare)
2379 1318 2463 1384 D.
2525 1320 2705 1384 1677.
2804 1341 3221 1404 mcumunys
3273 1317 3542 1405 (prorsus
3669 1387 3670 1404 ἶ

630 1422 1231 1503 excommunicatus,
1274 1419 1686 1506 maledictus)
1728 1418 1808 1486 R.
1839 1421 2026 1486 2165.
2073 1421 2258 1487 2190.
2303 1421 2488 1502 2222,
2532 1420 2941 1507 emskemunys
2982 1420 3065 1486 D.
3112 1419 3299 1503 3091,
3336 1420 3543 1507 ynwke-
3669 1421 3670 1428 ’

635 1541 856 1606 many&
915 1521 1001 1588 D.
1053 1525 1231 1589 1415.
1319 1521 1395 1588 R..
1443 1523 1641 1605 2089,
1699 1522 2109 1609 ymskemenys
2157 1521 2241 1588 D.
2294 1524 2442 1604 141,
2488 1543 2907 1609 omoumvnys
2953 1522 3029 1589 P.
3079 1523 3176 1605 17,
3222 1523 3283 1604 3,
3340 1521 3541 1587 απελτ-

625 1643 833 1707 mynes
876 1621 984 1690 Cr.
1034 1625 1212 1693 1207.
1263 1625 1442 1690 1253.
1530 1626 1748 1690 Arem.
1793 1647 1916 1690 em·
1959 1625 2086 1691 vid.
2130 1624 2311 1690 infra.

793 1725 884 1793 Ut
911 1725 1241 1793 hibernica
1266 1729 1444 1789 imm-
1475 1724 1568 1811 (p.
1601 1725 1755 1811 876)
1797 1727 1953 1792 item
1982 1725 2103 1791 hac
2146 1725 2548 1792 cambrica
2589 1746 2732 1808 em-‚
2771 1745 2910 1811 ym-
2954 1725 3352 1810 significatur
3392 1726 3540 1791 actio

622 1827 985 1914 reciproc
1003 1848 1044 1894 a
1085 1828 1189 1893 vel
1227 1836 1444 1893 mutua
1469 1826 1637 1892 inter
1665 1827 1790 1894 duo
1823 1828 1927 1894 vel
1954 1827 2196 1913 plures:
2244 1828 2641 1892 emdeveduck
2670 1827 3185 1914 (colloquimini),
3231 1827 3541 1892 emdlzikan

632 1928 1037 2015 (collocutio)
1079 1928 1236 2015 Leg.
1285 1930 1343 2009 2,
1395 1930 1490 2012 11,
1543 1931 1638 1994 14.
1713 1931 1814 1996 48.
1883 1931 2232 2015 ymdidanu
2276 1929 2619 2015 (colloqui)
2659 1928 2833 1994 Mab.
2878 1928 2963 2015 fq.
3032 1929 3250 2015 ymlad
3279 1926 3539 2014 (pugna)

621 2029 798 2096 Mab.
847 2035 899 2113 1,
948 2032 1091 2099 235.
1177 2053 1424 2118 ymwan
1479 2028 1824 2117 (pugnare)
1869 2032 1939 2114 2,
1990 2033 2087 2095 17.
2170 2032 2444 2116 ymwelet
2496 2029 2746 2114 (videre
2788 2030 2955 2096 inter
2997 2053 3097 2111 se,
3155 2029 3448 2114 visitare)
3490 2033 3539 2109 1,

621 2135 721 2197 20.
798 2133 936 2199 259.
1006 2154 1273 2220 quaru
1329 2131 1574 2218 (amare
1628 2133 1792 2198 inter
1835 2155 1935 2216 se,
1982 2132 2311 2218 amplecti)
2376 2135 2436 2216 1,
2500 2133 2599 2198 25.
2682 2130 3021 2218 quyrclm
3072 2131 3341 2217 (adoriri
3392 2131 3542 2195 inter

627 2232 729 2318 se)
778 2238 834 2316 1,
881 2236 983 2300 24.
1069 2235 1258 2299 meint
1294 2234 1385 2319 yd
1421 2247 1745 2320 ymyerynt
1788 2258 1864 2300 ao
1904 2247 2015 2321 nyt
2048 2237 2646 2322 quanlynnassam
2690 2232 2907 2317 (valde
2954 2255 3025 2299 se
3070 2234 3397 2314 amabant,
3442 2231 3543 2297 sed

617 2357 746 2399 non
791 2335 1072 2401 comitati
1117 2346 1267 2401 sunt
1306 2335 1474 2400 inter
1519 2335 1620 2420 se)
1671 2339 1724 2418 1,
1758 2337 1901 2402 285.
1988 2335 2154 2402 Item
2206 2336 2275 2401 in
2321 2335 2605 2422 decomp.
2670 2334 3303 2420 ymedymdeitkassu
3346 2333 3543 2418 (asso-

616 2437 787 2502 ciare
830 2437 996 2503 inter
1055 2459 1158 2518 se3
1232 2459 1269 2501 e
1334 2437 1535 2502 subst.
1589 2436 2061 2521 kedymdeithaa,
2109 2438 2415 2524 societas)
2463 2438 2519 2518 3,
2573 2437 2709 2500 149.

782 2538 1100 2605 Eiusdem·
1140 2537 1626 2624 significationis
1681 2539 1975 2626 exempla
2018 2540 2375 2605 coi-nica:
2448 2535 2667 2602 emloth.
2716 2536 3014 2620 (caedere
3056 2537 3223 2602 inter
3266 2557 3369 2616 so,
3436 2559 3541 2623 pu-

614 2641 844 2726 gnare)
873 2640 958 2705 D.
993 2641 1180 2706 2509.
1224 2637 1302 2704 R.
1337 2640 1480 2703 224.
1555 2639 1649 2702 the
1690 2639 1921 2705 omlath
1964 2639 2077 2724 (ad
2106 2639 2565 2726 pugnandum),
2610 2638 2683 2716 ef
2714 2661 2756 2700 a
2798 2637 3054 2701 emblotk
3096 2638 3185 2712 (is
3212 2639 3541 2725 pugnabit)

616 2741 694 2808 O.
745 2742 931 2807 2142.
984 2743 1166 2807 1661.
1237 2739 1573 2826 ymlcnouke
1616 2739 1811 2823 (inter
1854 2765 1927 2808 se
1954 2741 2174 2827 ferire)
2215 2741 2299 2806 D.
2348 2741 2533 2806 2324.
2602 2739 2933 2826 ymcueylle
2962 2760 3202 2827 yureny
3242 2763 3328 2826 ny
3359 2740 3545 2824 (inter

613 2866 734 2910 nos
783 2843 1189 2909 consulamus
1234 2843 1386 2927 nos)
1431 2842 1509 2909 R.
1556 2845 1698 2910 561.
1781 2853 2110 2932 ymsywe'y
2140 2869 2183 2908 a
2208 2863 2344 2908 wra
2386 2840 2583 2927 (inter
2625 2861 2696 2906 se
2738 2840 2889 2908 illae
2932 2851 3267 2924 secuntur,
3312 2842 3541 2907 veritas

609 2949 674 3011 et
715 2947 911 3030 fides)
955 2943 1040 3009 D.
1087 2944 1270 3009 2450.
1345 2945 1631 3030 ymkener
1675 2945 1978 3030 (invicem
2024 2944 2315 3028 canatur)
2362 2941 2439 3009 O.
2484 2943 2629 3008 562.

778 3047 1002 3113 Etiam·
1053 3045 1445 3132 frequentius
1501 3047 1897 3134 significatur
1940 3045 2107 3112 actio
2152 3068 2279 3132 qua
2329 3044 2475 3131 quis
2530 3043 2663 3129 agit
2704 3043 2771 3108 in
2827 3066 2928 3126 se,
2976 3045 3401 3128 reflexiva‚
3446 3057 3531 3111 at-

607 3171 731 3235 que
771 3147 1085 3214 interdum
1115 3147 1438 3233 passivum
1468 3149 1698 3235 ipsum,
1747 3156 1817 3212 ut
1858 3148 2168 3213 eambr.:
2212 3147 2541 3231 ymritkaw
2583 3166 2775 3221 aoruc-
2800 3165 2995 3210 memo
3018 3168 3105 3231 yn
3146 3149 3274 3214 rich
3316 3151 3529 3233 ederyn

611 3250 885 3335 (mutare
943 3271 1014 3315 se
1055 3246 1146 3313 M.
1191 3248 1257 3312 in
1311 3247 1572 3314 forma-m
1635 3246 1805 3331 avis)
1847 3247 2023 3313 Mab.
2079 3250 2146 3332 2,
2205 3248 2347 3313 239.
2430 3247 2769 3332 ymdanqos
2811 3267 3003 3311 aona:
3038 3269 3336 3335 :quom-‘yn
3374 3249 3529 3313 idan-

603 3352 986 3437 (monstrare
1043 3373 1112 3418 se
1173 3349 1386 3435 eoepit
1439 3349 1651 3436 puella
1694 3347 1786 3432 ei)
1843 3353 1875 3413 1
1897 3399 1913 3429 ,
1974 3349 2070 3413 ⁶28.
2159 3349 2345 3414 arodi
2394 3347 2605 3432 dwsjyr
2640 3371 2687 3434 y
2725 3349 2993 3432 νηοῖο-Μ
3032 3371 3225 3414 aorem
3262 3373 3307 3436 y
3348 3353 3524 3414 owein

602 3453 698 3537 (et
741 3453 888 3518 dare
945 3475 1172 3539 aquam
1229 3451 1312 3516 ad
1355 3473 1425 3516 se
1479 3450 1819 3517 lavandum
1880 3448 2155 3535 Oweno)
2214 3451 2281 3530 1,
2339 3450 2436 3513 15.
2507 3459 2751 3533 amynet
2802 3450 3027 3512 rathm-
3063 3473 3107 3536 y
3149 3453 3405 3518 wrtlaeaw
3459 3474 3527 3516 ae

594 3555 965 3642 ymyudyaw
1019 3554 1115 3639 (et
1157 3552 1456 3619 recedere
1510 3552 1762 3638 paulum
1809 3552 1891 3618 ab
1935 3574 2011 3616 eo
2056 3561 2121 3616 et
2162 3549 2506 3631 abscondi,
2556 3549 2771 3635 coepit
2810 3549 3053 3637 puella)
3103 3555 3175 3632 1,
3220 3554 3321 3618 27.
3404 3577 3522 3638 yny

593 3677 849 3744 ymeqyr
887 3679 929 3742 y
972 3655 1098 3720 boll
1132 3655 1385 3720 welioed
1420 3665 1606 3738 ,ynteu
1651 3655 1887 3738 (donec
1930 3653 2301 3740 aperiuntur
2342 3650 2557 3718 omnia
2600 3649 2867 3717 vulnera
2892 3651 3100 3736 illius)
3130 3655 3191 3736 2,
3224 3656 3327 3720 57.
3392 3677 3521 3738 ym-

595 3758 829 3821 choelut
884 3779 1091 3838 aomo,
1133 3756 1474 3841 ymclaoeluz
1519 3768 1826 3842 aoruqant
1885 3753 2077 3838 (verti
2124 3753 2367 3839 coepit,
2414 3761 2790 3839 coeperunt3
2836 3777 2952 3840 pro
2990 3757 3281 3840 ynwlno.)
3354 3755 3517 3822 mah.

592 3856 680 3944 fq.
755 3856 865 3924 Sic
909 3857 1034 3923 iam
1077 3857 1143 3922 in
1189 3857 1272 3944 gl.
1323 3856 1476 3923 Ox.:
1529 3858 1642 3943 hep
1705 3855 2079 3946 amquaubot
2120 3855 2235 3940 (gl.
2280 3855 2421 3920 sine
2462 3865 2706 3937 mente,
2748 3857 2790 3924 i.
2838 3880 2892 3924 e.
2920 3859 3038 3925 ‘sui
3083 3859 3517 3940 conscientia).

763 3956 844 4023 In
887 3959 1144 4024 comica
1186 3969 1250 4023 et
1293 3958 1644 4025 aremorica
1673 3957 1963 4024 dialectis
2007 3956 2279 4021 maxime
2324 3955 2557 4022 usitata
2598 3967 2700 4023 est
2738 3959 3089 4045 particulae
3142 3960 3516 4046 significatio

589 4059 910 4124 reflexiva.
984 4058 1039 4127 C
1058 4061 1281 4125 ornie
1301 4083 1340 4125 a
1383 4059 1702 4145 exempla:
1751 4060 2005 4123 emlatlze
2030 4081 2072 4143 y
2111 4058 2316 4122 bonan
2348 4055 2582 4140 (semet
2609 4057 2819 4144 ipsum
2852 4059 3265 4145 interficere),
3292 4063 3513 4148 ythem·

585 4161 816 4246 wysla-ys
846 4159 1020 4247 (ipse
1049 4183 1121 4226 se
1150 4161 1472 4246 perculit),
1500 4182 1544 4244 y
1573 4161 1778 4224 lconan
1815 4160 2239 4245 ythymwancw
2282 4157 2455 4245 (ipse
2502 4181 2573 4225 se
2602 4160 2954 4246 percussit)
2982 4160 3062 4227 R..
3095 4163 3283 4229 2073.
3331 4163 3504 4228 2067.

588 4259 774 4326 2065.
842 4263 1248 4347 ymamendye
1277 4257 1648 4340 (emendare
1678 4259 1780 4343 se)
1813 4258 1892 4326 O.
1929 4261 2108 4325 1526.
2150 4282 2456 4345 ymnum-es,
2504 4282 2795 4327 omweras
2836 4262 2940 4347 (se
2983 4262 3237 4348 iuvare)
3268 4265 3349 4332 O.
3382 4265 3507 4328 125.

594 4363 772 4426 1420.
822 4361 926 4427 Cr.
980 4361 1162 4425 1153.
1223 4371 1276 4422 te
1329 4381 1415 4422 na
1471 4361 1668 4446 yllytk
1711 4376 1965 4445 omwe3e
2005 4385 2085 4424 vn
2126 4381 2273 4446 pres
2311 4383 2399 4446 yn
2438 4363 2617 4446 yeyth
2670 4385 2757 4426 na
2790 4363 2994 4449 peyhy
3026 4386 3165 4449 pan
3208 4377 3509 4449 mettyas

583 4477 654 4546 3e
713 4463 989 4548 demptye
1029 4459 1132 4546 (ut
1186 4471 1254 4525 tu
1310 4481 1442 4528 non
1492 4461 1706 4547 possis
1765 4483 1992 4530 cavere
2038 4461 2231 4527 ullum
2272 4474 2520 4548 tempus
2564 4461 2711 4544 diei,
2754 4485 2837 4530 ne
2878 4482 3132 4550 pecces,
3182 4487 3329 4532 cum
3372 4485 3505 4550 pro-

580 4563 800 4649 posuit
842 4563 966 4630 sibi
1019 4571 1327 4648 temptare
1371 4573 1461 4644 te,
1522 4560 1828 4648 Satanas)
1886 4562 1960 4628 P.
2018 4566 2127 4643 20,
2186 4566 2244 4630 3.
2288 4565 2349 4629 4.
2408 4587 2605 4651 raqon
2646 4587 2730 4652 ny
2782 4587 2911 4629 wor
2964 4580 3225 4650 omwesse
3276 4568 3347 4653 (a
3396 4587 3503 4629 no·

581 4665 681 4730 bis
736 4665 946 4730 nescit
998 4685 1068 4729 se
1122 4662 1492 4748 defendere)
1553 4665 1712 4745 194,
1775 4663 1834 4728 3.
1934 4665 2204 4750 onweyclz
2274 4665 2425 4750 (leg.
2496 4665 2817 4751 omweytlz)
2889 4667 3181 4753 lemmyn‚
3244 4663 3497 4756 yma-yth

580 4767 842 4831 lemman
897 4761 1198 4852 (defende
1251 4777 1316 4830 te
1370 4763 1572 4850 nuuc)
1632 4765 1742 4846 92,
1813 4767 1872 4830 3.
1945 4765 2025 4833 D.
2088 4767 2273 4829 2144.
2382 4767 2791 4852 ymthreheuel
2853 4766 2959 4851 (se
3024 4769 3299 4854 erigere,
3372 4787 3499 4832 sur·

579 4869 794 4953 gere),
847 4869 1340 4955 ymtlzysquetlaeas
1394 4866 1774 4950 (monstrare
1831 4889 1931 4944 se,
1997 4866 2365 4952 apparere),
2418 4889 2686 4956 quuen
2738 4868 2841 4952 (se
2893 4891 3182 4951 movere,
3240 4865 3495 4948 moveri)

575 4969 652 5036 R.
699 4971 840 5035 395.
895 4971 1074 5035 1496.
1118 4971 1302 5034 2097.
1370 4991 1602 5055 ymsaw
1645 4969 1866 5052 (serva
1893 4967 2007 5052 te),
2046 4990 2368 5055 ymsawye‚
2409 4992 2713 5054 omsawya
2742 4969 2845 5052 (se
2876 4971 3166 5056 servare)
3210 4969 3288 5035 D.
3319 4969 3491 5034 2866.

575 5071 760 5135 2878.
806 5071 912 5139 Cr.
961 5072 1146 5135 2373.
1221 5097 1261 5133 α
1299 5093 1578 5156 gestamen-sy
1623 5073 1738 5134 (len
1779 5071 1921 5152 cres
1956 5068 2289 5153 (credebat
2331 5092 2401 5136 se
2446 5071 2657 5136 virum
2701 5071 2955 5156 fortem)
2989 5070 3069 5137 Ο.
3117 5073 3296 5137 2222.
3366 5069 3491 5132 then

572 5173 688 5236 dor
705 5192 873 5260 praq
901 5197 985 5237 na
1011 5173 1355 5258 ‚ymwleelaf
1386 5170 1500 5255 (ad
1530 5171 1780 5236 humum
1812 5194 1925 5237 cur
1956 5194 2081 5236 non
2116 5181 2447 5257 prosterno
2479 5196 2577 5239 me
2592 5173 2651 5258 Ρ)
2704 5171 2787 5239 D.
2821 5176 3007 5238 2594.
3052 5197 3200 5260 may
3230 5153 3489 5253 thomellj
