3717 5642
1038 366 1161 434 ΙΠ.
1208 368 1266 432 2.
1339 385 1560 432 vanna
1599 383 1780 433 narr.
1821 385 2169 434 monam.
2594 372 2877 436 (uam-1)
2937 370 3061 438 573

290 553 410 621 III.
509 552 844 622 coalescit
885 554 1151 620 verbum
1195 553 1664 620 substantivum
1707 552 2095 621 cambricum
2134 555 2423 622 radicum
2470 559 2523 622 l.
2572 567 2639 623 et
2678 559 2739 624 6.
2782 579 2913 623 non
2958 579 3059 624 so-

155 657 266 720 lum
303 657 526 722 eadem
569 655 1034 743 compositione
1091 677 1218 742 qua
1257 653 1658 723 hibernicum
1711 657 1852 744 (pp.
1894 657 2039 722 488.
2072 657 2229 742 501)
2286 679 2433 724 cum
2474 659 3061 746 praepositionibus

156 757 528 846 simplicibus
573 757 680 824 vel
723 757 1107 844 duplicibus,
1153 767 1226 824 ut
1267 781 1362 841 ar,
1403 781 1502 846 ρο,
1541 782 1672 846 yar,
1719 781 1854 841 can,
1902 758 2041 839 dar,
2089 759 2173 842 dy
2216 759 2381 842 (do),
2426 761 2625 847 cgfar,
2668 785 2872 848 arqan
2915 772 3059 842 etc„

156 859 247 924 sed
283 860 503 942 etiam,
549 860 798 927 ratione
843 859 1169 946 singulari,
1215 859 1288 926 in
1329 861 1722 948 temporibus
1769 870 1836 926 et
1874 858 2083 925 modis
2128 859 2509 946 quibusdam
2554 885 2695 929 cum
2734 862 3061 930 radicibus

156 973 205 1025 et
237 962 522 1028 thematis
567 962 934 1028 verbalibus
979 962 1144 1043 aliis,
1190 973 1262 1028 ut
1289 964 1436 1046 han,
1480 965 1594 1028 hen
1625 961 1901 1048 (ori1·i?),
1938 964 2090 1048 pieta
2136 961 2550 1048 (possidere),
2597 965 2733 1030 aeth
2778 964 3059 1050 (ivisse),

155 1065 322 1145 ᾱαεεΙι,
347 1065 523 1129 doeth.
537 1064 880 1150 (venisse),
904 1065 1089 1152 ywyd
1109 1063 1357 1150 (scire),
1383 1065 1536 1151 clyw
1559 1062 1860 1150 (audire),
1888 1063 2166 1149 ad(q)na
2190 1063 2301 1147 (al.
2320 1067 2593 1148 adwaen,
2619 1065 3059 1154 cognoscere).

289 1166 608 1255 Exempla
653 1167 1150 1254 compositorum
1191 1167 1429 1234 radicis
1479 1169 1534 1234 1.
1609 1165 1829 1233 Praes.
1876 1165 2060 1252 prim.
2111 1163 2277 1252 sing.
2328 1169 2381 1231 1.
2415 1189 2615 1254 pers.:
2664 1167 2918 1232 brenhin
2962 1189 3061 1232 co-

153 1291 366 1334 ronawc
403 1269 552 1355 armi*
588 1291 716 1355 yny
759 1268 903 1334 wlat
939 1271 1030 1355 yd
1071 1270 1324 1356 henwyf
1356 1269 1570 1334 okonei
1609 1267 1754 1354 (rex
1799 1278 2141 1336 coronatus
2189 1290 2327 1334 sum
2370 1269 2440 1334 in
2482 1270 2761 1358 regione,
2812 1293 2895 1336 ex
2937 1292 3064 1357 qua

155 1372 296 1456 sum)
335 1371 510 1437 Mab.
546 1373 608 1454 3,
645 1374 702 1437 9.
769 1393 855 1457 ny
897 1372 1205 1458 hannwgf
1235 1373 1374 1436 well
1413 1393 1448 1436 o
1475 1373 1664 1437 nawd
1704 1371 1867 1456 (non
1894 1371 2124 1438 valebo
2156 1369 2385 1436 melius
2416 1371 2641 1456 gratia,
2682 1371 2822 1456 tua)
2854 1373 2914 1454 2,
2944 1373 3053 1437 -19,

153 1496 220 1558 ny
253 1474 510 1560 kanwyf
543 1475 684 1539 well
723 1471 972 1539 chonaw
1019 1472 1182 1556 (non
1223 1473 1452 1540 valebo
1495 1473 1720 1540 melius
1765 1475 1947 1560 inde)
1993 1477 2050 1556 2,
2087 1475 2231 1537 224.
2330 1473 2389 1536 2.
2436 1495 2636 1559 pers.:
2706 1474 2874 1559 aplza
2914 1474 3064 1538 τοῖαι

150 1577 222 1658 yd
255 1577 484 1661 Icenwyt
527 1577 717 1640 titheu
761 1576 975 1640 ohonei
1024 1574 1122 1658 (et
1165 1597 1328 1662 quae
1373 1575 1569 1662 regio,
1617 1599 1695 1642 ex
1739 1599 1867 1662 qua
1906 1585 1978 1642 tu
2022 1597 2093 1642 es
2138 1573 2445 1640 oriundus
2461 1576 2521 1662 Ρ)
2567 1578 2625 1659 3,
2670 1577 2728 1640 9.
2792 1599 2873 1662 φ·
2912 1575 3063 1640 wlat

151 1677 222 1760 yd
256 1678 496 1763 hanwyt
541 1679 759 1742 ohonei
799 1676 912 1762 (ad
955 1685 1205 1760 terram,
1253 1701 1336 1744 ex
1379 1701 1506 1764 qua
1545 1701 1926 1765 progressus
1960 1677 2063 1762 es)
2108 1678 2166 1760 3,
2201 1677 2345 1742 275.
2434 1679 2492 1744 3.
2524 1701 2722 1766 pers.:
2761 1679 3059 1764 paderyw

151 1780 264 1860 γαί,
303 1769 603 1865 paderyw
643 1781 750 1846 itti
789 1779 976 1868 (quid
1023 1779 1258 1847 accidit
1299 1780 1492 1866 tibiP)
1537 1781 1596 1862 2,
1629 1783 1730 1846 58.
1779 1783 1835 1864 3,
1876 1785 2011 1848 190.
2088 1803 2177 1866 pa
2220 1783 2384 1845 derw
2425 1782 2557 1864 itti,
2611 1801 2701 1863 pa
2743 1781 2907 1843 dev-w
2945 1781 3067 1864 ytti

155 1879 280 1965 (id.)
319 1883 376 1964 2,
407 1885 512 1949 57.
561 1885 620 1965 3,
653 1883 798 1950 209.
863 1905 952 1946 un
994 1903 1030 1946 o
1071 1883 1188 1946 deu
1232 1883 1440 1947 aderw
1479 1885 1648 1948 idaw
1690 1881 2087 1968 (alterutrum
2130 1883 2367 1950 accidit
2395 1881 2485 1967 ei)
2535 1886 2590 1964 1,
2621 1883 2764 1948 242.
2832 1878 3061 1966 adeo-90

154 2005 236 2044 am
259 1980 492 2071 keduyv
523 2009 610 2048 an
639 1985 930 2049 chaduan
958 1983 1142 2069 (num
1172 1993 1384 2050 actum
1413 1994 1517 2050 est
1544 1985 1624 2051 de
1651 1983 1735 2053 K.
1767 1994 1834 2051 et
1863 1979 2014 2073 C.?)
2046 1985 2185 2054 CN.
2219 2007 2409 2052 carm.
2446 1987 2502 2049 1.
2566 1982 2738 2048 Plur.
2772 1985 2830 2050 3.
2860 2004 3059 2070 pers.:

151 2104 268 2170 pwy
308 2084 570 2170 biewynt
609 2087 748 2172 hwy
793 2085 1008 2169 (cuius
1053 2093 1204 2150 sunt
1243 2086 1414 2172 illii')
1457 2085 1630 2153 Mab.
1665 2089 1722 2168 3,
1761 2091 1901 2154 191.

293 2185 513 2252 Praes.
563 2210 730 2254 seca
777 2189 1012 2252 daroed
1050 2209 1094 2272 y
1137 2189 1360 2253 arthur
1404 2188 1516 2254 lad
1549 2212 1594 2276 y
1639 2189 1792 2254 bena
1835 2188 2153 2276 (perfecta
2196 2199 2331 2256 erat
2372 2190 2454 2256 A.
2501 2186 2781 2254 abscisio
2826 2184 3060 2272 capitis

155 2287 294 2369 eius,
338 2289 549 2375 cervi)
595 2287 769 2354 Mab.
803 2290 865 2370 2,
899 2289 1000 2354 22.
1061 2311 1137 2354 ac
1175 2312 1260 2376 ny
1300 2291 1536 2356 daroed
1573 2293 1742 2356 idaw
1783 2313 2017 2380 namyn
2060 2295 2249 2380 ἄρηαι
2284 2314 2365 2378 yv-
2408 2302 2471 2377 ty
2514 2291 2667 2376 (nec
2709 2287 3063 2377 perfectum

156 2400 270 2454 erat
309 2391 368 2456 ei
407 2390 546 2456 nisi
587 2390 812 2458 venire
857 2391 1136 2473 domum,
1195 2411 1318 2458 nec
1357 2391 1488 2458 nisi
1534 2393 1789 2458 domum
1832 2394 2245 2480 pervenerat)
2288 2395 2347 2476 2,
2394 2395 2493 2457 47.
2561 2393 2793 2457 daroed
2829 2414 2873 2477 y
2918 2402 3063 2456 ἰων-

152 2495 411 2559 ηείηιάπε
451 2493 736 2580 (finitum
780 2507 918 2560 erat
955 2493 1494 2578 torneamentum)
1541 2495 1594 2576 1,
1629 2494 1772 2560 279.
1842 2494 2189 2583 llaesqeuyn
2226 2517 2361 2583 ρων
2403 2517 2487 2582 ny
2512 2493 2749 2558 kanoed
2788 2493 2925 2558 well
2949 2491 3062 2556 neb

153 2593 376 2659 ohonaw
431 2595 553 2681 (L.
609 2597 737 2678 vir,
807 2619 848 2662 a
905 2617 1028 2682 quo
1087 2617 1272 2661 nemo
1328 2596 1587 2662 valebat
1635 2595 1899 2678 melius,
1960 2597 2111 2663 boni
2166 2597 2317 2684 quid
2375 2593 2763 2683 accipiebat)
2816 2593 2875 2676 2,
2916 2595 3060 2660 243.

153 2718 180 2760 ο
214 2699 446 2762 ωνιΙιέὺ·
497 2699 704 2783 uffem
755 2719 886 2782 pan
936 2698 1176 2762 hanoed
1228 2720 1274 2784 y
1309 2717 1487 2784 qur
1527 2697 1734 2782 kynny
1789 2697 1821 2780 (
1833 2720 1869 2764 e
1910 2707 2085 2764 terra
2142 2710 2363 2766 contra
2412 2697 2755 2780 infernum,
2814 2721 2893 2762 ex
2936 2719 3063 2784 qua

153 2809 440 2864 venerunt
477 2800 605 2865 viri
647 2799 744 2884 hi)
799 2801 858 2882 2,
892 2800 1034 2864 205.
1098 2820 1144 2885 y
1185 2801 1535 2864 marcham
1589 2799 1834 2864 bieuoed
1884 2823 1927 2886 y
1967 2801 2173 2887 pebyll
2236 2801 2464 2888 (eques
2517 2801 2628 2886 qui
2683 2797 3061 2886 possidebat

153 2902 496 2985 tentorium)
550 2907 604 2984 1,
637 2901 779 2966 239.
836 2921 915 2964 ar
953 2921 1089 2987 ρων·
1128 2901 1334 2986 melyn
1378 2900 1626 2966 bv'euoed
1663 2924 1707 2987 y
1745 2925 1899 2988 φαεν
1953 2903 2050 2987 (et
2088 2903 2293 2968 virum
2336 2903 2575 2970 flavum
2618 2901 2728 2988 qui
2768 2899 3063 2987 posside-

155 2999 244 3066 bat
281 3003 592 3088 castrum)
647 3007 696 3084 Ι,
749 3005 845 3068 12.
922 3003 1169 3087 effrawc
1211 3003 1366 3066 ae'arll
1407 3001 1583 3068 bioed
1621 3004 1916 3069 iarllaeth
1970 3003 2079 3089 (E.
2124 3027 2340 3071 comes
2384 3003 2759 3092 possidebat
2798 3001 3061 3067 comita-

152 3104 288 3187 tum)
337 3108 390 3187 1,
423 3105 574 3170 235.
629 3125 835 3190 youyn
875 3103 1044 3168 idaw
1087 3125 1162 3168 ae
1205 3104 1278 3185 ef
1304 3105 1546 3190 qyntas
1575 3105 1749 3170 bioed
1782 3127 1828 3192 y
1870 3107 1985 3193 llys
2027 3105 2361 3193 (quaerere
2408 3128 2487 3172 ex
2531 3127 2629 3188 eo,
2674 3126 2757 3170 an
2793 3103 3061 3190 primum

151 3203 486 3288 possideret
533 3205 772 3290 aulam)
818 3207 875 3289 2,
909 3204 1044 3270 14.“’

295 3305 396 3374 De
428 3309 792 3396 composito
832 3305 1063 3395 yttwyf
1099 3329 1294 3395 supra
1343 3308 1436 3396 (p.
1469 3309 1626 3394 551)
1671 3309 1945 3395 egimus3
1994 3307 2073 3375 de
2112 3311 2487 3397 compositis
2528 3308 2771 3394 ethwgf,
2814 3307 3073 3394 dodwgf

153 3415 252 3475 etc.
295 3411 812 3498 significantibus
854 3409 1266 3496 praeteritum
1306 3411 1473 3476 infra
1513 3428 1736 3496 agetur
1779 3410 1899 3476 sub
1941 3409 2055 3475 IV.
2100 3411 2167 3477 in
2210 3421 2410 3500 praet.
2504 3423 2513 3430 '

295 3511 679 3602 Composita
717 3511 954 3578 radicis
997 3513 1080 3596 6.,
1125 3512 1310 3579 cuius
1353 3533 1640 3580 consona
1679 3509 1981 3578 radicalis
2022 3521 2150 3578 tam
2196 3521 2450 3580 servata
2492 3510 2529 3574 b
2584 3531 2769 3597 quam
2814 3510 3063 3578 mollita

153 3635 180 3674 v
214 3614 300 3699 (u,
316 3615 410 3702 f)
455 3617 528 3682 in
565 3613 970 3682 coniunctivo
1015 3625 1080 3681 et
1107 3616 1434 3704 praesenti
1464 3613 1840 3682 secundario
1884 3615 2125 3680 formae
2157 3612 2471 3701 simplicis
2502 3611 2605 3697 (a)
2648 3613 3061 3700 provectione

157 3719 358 3784 transit
401 3719 471 3783 in
509 3740 562 3804 p
611 3729 674 3783 et
697 3719 766 3803 ff
803 3717 914 3801 (cf.
958 3740 1022 3804 p.
1059 3719 1180 3784 146
1223 3739 1366 3785 cum
1409 3715 1772 3800 addendis).

293 3818 566 3887 Praes.
609 3819 792 3906 prim.
839 3820 1216 3904 significans
1258 3821 1551 3886 futurum.
1640 3818 1700 3883 b.
1747 3815 1927 3904 Sing.
1976 3821 2031 3883 1.
2076 3839 2277 3905 pers.:
2322 3820 2414 3882 mi
2441 3840 2481 3880 a
2510 3816 2890 3904 adnabydaf
2909 3818 3060 3904 (ego

155 3921 546 4006 cognoscam)
589 3919 764 3986 Mab.
795 3921 854 4004 3,
889 3923 1033 3988 200.
1102 3945 1220 4008 ony
1246 3922 1550 4008 wybydaf
1567 3924 1598 3986 i
1637 3920 1727 4006 (si
1769 3943 1901 3986 non
1944 3919 2145 3987 sciam
2188 3941 2339 4006 ego;
2382 3917 2836 4006 ywyd-bydaf)
2867 3919 2924 4001 3,
2959 3922 3057 3986 30.

157 4023 202 4086 2.
227 4047 416 4110 pers.:
465 4021 885 4110 nysqubydy
929 4024 1000 4089 di
1019 4045 1100 4110 φ·
1127 4023 1423 4088 awrkonn
1456 4023 1617 4108 (non
1649 4022 1818 4089 scies
1850 4044 2011 4106 eam,
2044 4043 2194 4104 rem,
2226 4021 2429 4106 nunc)
2474 4021 2533 4102 2,
2566 4021 2665 4085 36.
2728 4023 2819 4106 yd
2860 4023 3061 4086 adna-

158 4121 289 4210 ὁμοίῃ
315 4148 451 4192 voes
474 4149 524 4213 y
558 4125 671 4210 Hya
715 4126 1100 4210 (cognosces
1133 4123 1664 4193 consuetudinem
1693 4123 1909 4208 aulae)
1940 4124 2003 4204 3,
2038 4123 2134 4187 10.
2192 4121 2469 4208 kenbydy
2495 4120 2938 4208 kyuoethoqach
2966 4121 3060 4206 (te

153 4221 386 4294 habebis
422 4225 737 4308 ditiorem,
777 4226 904 4293 eris
941 4227 1160 4312 ditior)
1185 4229 1244 4311 2,
1267 4231 1370 4292 47.
1441 4226 1499 4291 3.
1522 4246 1724 4313 pers.:
1762 4247 1825 4290 os
1856 4227 2173 4310 ekemreyn
2209 4225 2469 4308 adet-ayt
2499 4222 2591 4307 (si
2626 4221 2765 4287 eius
2787 4221 3059 4310 imprae-

157 4329 340 4410 gnatio
369 4329 548 4397 facta
576 4327 748 4412 erit),
795 4349 862 4393 os
905 4331 1251 4416 eqouessiau
1295 4329 1544 4393 ader-uit
1585 4326 1675 4411 (si
1705 4327 1844 4394 eius
1886 4324 2171 4413 palpatio
2211 4324 2381 4390 facta
2410 4323 2557 4410 erit)
2586 4323 2743 4408 Leg.
2776 4325 2834 4402 2,
2873 4327 2925 4405 1,
2957 4325 3057 4389 20.

158 4427 236 4493 21.
285 4434 562 4519 oder-nyt,
607 4428 848 4494 oder-uit
891 4427 980 4513 (si
1012 4417 1348 4516 acciderit)
1389 4429 1475 4495 ib.
1506 4428 1593 4513 sq.
1661 4427 2054 4514 ochyuervyd
2094 4425 2297 4490 caledi
2335 4449 2379 4490 a
2406 4425 2498 4489 tln'
2539 4423 2627 4510 (si
2658 4423 2905 4490 accidet
2940 4424 3060 4490 tibi

159 4527 386 4617 duritia)
433 4531 614 4599 Mab.
663 4535 719 4613 2,
755 4532 857 4597 52.
923 4536 998 4614 es
1030 4533 1384 4618 ayyfervyd
1417 4530 1852 4618 qwakanfford
1894 4529 2032 4592 ath-i
2070 4527 2235 4613 (tum
2282 4537 2571 4592 occurret
2610 4527 2730 4593 tibi
2773 4526 3061 4611 trivium)

162 4633 202 4710 1,
228 4633 282 4698 6.
339 4656 426 4721 ny
471 4633 714 4718 henbyd
762 4633 942 4719 ywell
981 4634 1056 4717 ef
1102 4633 1264 4718 (non
1305 4631 1548 4699 valebit
1607 4631 1832 4696 melius
1876 4629 2016 4715 ille)
2073 4630 2132 4712 2,
2182 4631 2279 4694 17.
2346 4629 2453 4716 kyt
2496 4641 2597 4695 tra
2632 4639 2937 4716 quatter
2972 4651 3062 4713 yn

157 4751 262 4816 εγω
300 4735 556 4822 hanbyd
591 4735 832 4822 ywaeth
873 4735 1046 4799 drem
1087 4755 1165 4821 vy
1212 4735 1418 4822 llyqeit
1462 4731 1792 4820 (quamdiu
1833 4732 2069 4815 vivam,
2116 4730 2302 4818 peius
2342 4753 2414 4797 se
2456 4731 2717 4798 habebit
2758 4730 2869 4796 lux
2912 4751 3063 4796 ocu-

157 4829 326 4900 lorum
365 4837 682 4922 meorum)
726 4837 786 4920 2,
821 4837 965 4902 221.
1021 4837 1095 4918 ef
1126 4837 1461 4922 aeywybyd
1503 4837 1677 4922 (ipse
1721 4831 1789 4898 id
1833 4833 2023 4918 sciet)
2071 4837 2127 4916 3,
2179 4833 2317 4898 190.
2396 4833 2495 4898 m's
2530 4832 2729 4918 quibit
2780 4853 2859 4897 ar
2898 4831 3061 4918 nug)-

153 4935 298 5019 9elho
340 4939 505 5024 (non
549 4939 712 5006 sciet
751 4939 838 5020 id,
885 4937 1214 5020 somnium,
1263 4938 1372 5024 qui
1413 4960 1543 5004 non
1587 4936 1864 5004 occultet
1900 4937 1999 5021 id)
2046 4933 2185 5002 GN.
2235 4957 2421 5001 carm.
2466 4935 2525 4998 2.

269 5093 292 5118 ‘
327 5091 553 5148 Videtur
575 5093 768 5147 rectius
792 5091 1001 5147 bieuoed
1031 5109 1060 5146 e
1085 5095 1135 5146 3.
1161 5107 1296 5162 pers.
1319 5091 1457 5162 pieta,
1483 5091 1622 5146 hieu:
1655 5108 1691 5162 y
1710 5107 1826 5164 ρων
1849 5089 2035 5144 dabieu
2067 5106 2104 5160 y
2122 5105 2265 5160 φαεν.
2298 5103 2445 5159 qur
2471 5087 2583 5141 hieu
2612 5103 2649 5157 y
2673 5085 2769 5156 llys
2792 5084 2927 5139 hona
2960 5087 3062 5150 (vir

163 5159 236 5225 (1Ὡὶ
255 5163 476 5230 possidet
499 5167 748 5229 castrum,
784 5163 981 5217 curiam
1019 5163 1174 5228 hanc)
1209 5161 1340 5215 Καὶ).
1373 5168 1420 5226 1,
1448 5165 1528 5216 16.
1549 5167 1665 5218 269.
1725 5179 1759 5216 a
1793 5161 1994 5214 mim
2028 5157 2141 5213 hieu
2176 5161 2253 5225 (et
2286 5173 2379 5228 ego
2412 5157 2664 5228 possideo)
2704 5161 2749 5219 1,
2773 5159 2891 5208 291.
