3717 5642
896 400 1011 469 VI.
1058 402 1118 467 2.
1192 417 1666 469 oonsrnuo'rro
1708 416 2002 466 roanos
2043 413 2432 465 Eremmon.
2571 416 2586 437 ·
2646 398 2784 461 (919·
2802 400 2926 461 920)
2988 396 3104 461 941

625 602 629 606 ·
664 586 863 646 Genus
901 596 1095 647 autem
1134 588 1379 647 mixtum
1420 588 1596 664 piscis
1622 590 1639 657 ἔξ
1666 587 1851 646 iustus
1891 591 1984 645 est
2019 603 2148 643 cum
2189 588 2508 660 peccatore.

666 680 893 741 Saeculi
929 683 1063 741 finis
1102 689 1194 743 cst
1232 681 1387 755 litus,
1429 684 1445 751 ll
1472 689 1612 741 tunc
1650 688 1739 739 est
1776 690 2008 758 tempus
2045 697 2332 755 separare,

660 774 905 848 Quando
945 776 1095 834 retia
1132 783 1431 853 ruperunt,
1472 776 1487 845 ¹,-
1514 774 1756 835 multum
1796 774 2130 833 dilexerunt
2169 790 2344 831 mare.

668 872 823 931 Vasa
860 876 995 929 sunt
1032 870 1201 929 sedes
1242 876 1585 943 sanctorum,
1624 871 1641 937 ξι
1668 888 1783 945 quo
1820 888 1936 929 non
1977 872 2220 944 possunt
2254 867 2578 943 pervenire.

739 1024 935 1083 Bonus
976 1023 1205 1085 auditor
1242 1024 1482 1083 fortasse
1505 1024 1521 1091 ξι
1547 1024 1799 1101 quaerit:
1841 1022 1940 1099 qui
1979 1028 2258 1099 ruperunt
2293 1022 2456 1079 rete?

665 1118 945 1177 Homines
986 1118 1231 1177 multum
1272 1118 1530 1197 superbi,
1571 1138 1587 1182 ει
1615 1118 1715 1194 qui
1755 1118 1937 1175 iustos
1977 1135 2038 1174 se
2079 1116 2282 1175 dicunt
2321 1133 2465 1173 esse.

664 1212 761 1273 Sic
797 1214 1061 1273 fecerunt
1098 1212 1405 1271 scissuram
1446 1220 1505 1271 et
1544 1269 1559 1279 ,,
1598 1212 1777 1271 altare
1816 1218 2016 1271 contra
2053 1211 2250 1269 altare.

666 1308 909 1367 Diabolo
950 1328 1013 1367 se
1052 1304 1431 1381 tradiderunt,
1472 1320 1489 1388 Γ
1528 1324 1656 1365 cum
1697 1312 1962 1383 pugnant
1999 1306 2074 1365 de
2111 1305 2440 1379 traditione,

662 1402 740 1461 Et
778 1404 995 1461 crimen
1034 1403 1189 1480 quod
1230 1402 1657 1475 commiserunt,
1698 1404 1714 1469 ΙΙ
1752 1401 1813 1459 in
1854 1400 2000 1459 alios
2037 1400 2240 1459 volunt
2275 1399 2602 1457 transferre.

665 1496 785 1573 Ipsi
822 1497 1185 1557 tradiderunt
1222 1497 1401 1556 libros
1442 1508 1457 1575 {j
1498 1504 1559 1556 et
1594 1516 1697 1554 nos
1738 1497 1956 1554 audent
1991 1514 2278 1569 accusare,

668 1591 749 1651 Ut
784 1592 953 1669 peius
991 1591 1353 1651 committant
1390 1590 1598 1665 scelus,
1638 1590 1653 1657 ξ.
1692 1608 1865 1665 quam
1905 1589 2315 1649 commiserunt
2353 1593 2413 1645 et
2449 1594 2601 1645 ante.

663 1686 829 1760 Quod
868 1690 1109 1763 possent
1145 1704 1375 1743 causam
1412 1685 1689 1745 librorum
1730 1684 1745 1744 Δ
1787 1702 2062 1743 excusare
2103 1684 2176 1743 de
2215 1684 2439 1753 timore,

662 1780 831 1853 Quod
868 1778 1075 1841 Petrus
1116 1780 1407 1839 Christum
1450 1779 1701 1857 negavit,
1740 1789 1757 1845 1!
1797 1780 1937 1837 dum
1975 1785 2288 1837 terreretur
2327 1778 2400 1835 de
2439 1784 2641 1850 morte,

662 1876 835 1934 Modo
874 1895 987 1953 quo
1025 1883 1193 1953 pacto
1233 1874 1588 1933 excusabunt
1626 1908 1643 1951 st
1681 1874 1898 1931 factum
1938 1872 2116 1931 altare
2159 1880 2356 1931 contra
2393 1871 2612 1931 altare?

662 1970 739 2029 Et
774 1989 917 2047 pace
959 1968 1176 2027 Christi
1217 1968 1505 2027 conscissa
1542 2022 1558 2042 ,‚
1600 1986 1760 2045 spem
1800 1976 2028 2045 ponunt
2065 1970 2126 2026 in
2165 1967 2438 2027 homine?

661 2063 828 2137 Quod
868 2070 1201 2141 persecutor
1241 2082 1353 2122 non
1394 2062 1548 2137 fecit,
1588 2103 1605 2139 ,ι
1645 2062 1761 2139 ipsi
1799 2062 2061 2122 fecerunt
2098 2064 2160 2121 in
2199 2066 2360 2140 pace.

342 2211 517 2279 Sunt
564 2211 795 2297 viginti
838 2210 1149 2277 eiusmodi
1200 2210 1501 2297 strophae
1558 2210 1990 2277 duodenorum
2048 2230 2370 2291 versuum,
2431 2209 2514 2274 ab
2569 2211 2634 2275 A
2675 2231 2880 2296 usque
2922 2207 3005 2274 ad
3049 2206 3106 2273 V

172 2316 239 2379 in
280 2325 425 2381 toto
470 2314 713 2401 psalmo
730 2363 747 2393 ,
804 2334 963 2399 quas
1020 2312 1309 2395 sequitur
1372 2312 1663 2397 epilogus
1708 2334 2006 2377 versuum
2049 2312 2326 2397 triginta.
2413 2312 2706 2397 Neglego
2747 2332 3108 2377 consonan-

172 2420 329 2482 tiam
390 2416 773 2501 bisyllabam
809 2412 1251 2499 'copulativam
1304 2434 1470 2493 -ωνε,
1530 2434 1718 2499 quam
1774 2434 1934 2479 casu
1987 2413 2244 2499 saepius
2287 2422 2446 2500 puto
2501 2436 2648 2479 esse
2691 2412 3104 2493 interiectam,

172 2544 302 2584 uon
349 2517 665 2598 consulte,
711 2516 861 2603 quia
904 2515 1093 2581 etiam
1136 2536 1188 2595 0,
1220 2537 1251 2578 e
1294 2536 1435 2579 cum
1476 2536 1513 2578 r
1557 2514 1661 2578 vel
1702 2536 1844 2579 cum
1890 2516 2034 2583 aliis
2080 2514 2382 2582 consonis
2428 2526 2574 2580 ante
2605 2536 2938 2579 commune
2966 2516 3106 2579 vin-

174 2622 391 2686 culum
434 2644 467 2685 e
505 2619 905 2697 antecedunt,
948 2616 1075 2681 vel·
1100 2616 1316 2702 potius
1356 2617 1425 2681 in
1464 2628 1643 2683 tanta
1682 2619 1874 2703 copia
1915 2639 2143 2683 vocum
2185 2616 2550 2683 exeuntium
2591 2617 2660 2679 in
2685 2638 2716 2679 e
2755 2638 2886 2682 non
2927 2628 3106 2684 ante-

174 2724 409 2789 cedere
452 2744 583 2788 non
625 2730 913 2807 possunt.
985 2718 1223 2784 Nescio
1267 2740 1347 2782 an
1394 2719 1581 2784 etiam
1626 2718 2138 2785 allitterationem
2181 2718 2474 2783 consulto
2527 2718 2816 2804 posuerit
2865 2726 3104 2785 auctor.

174 2822 362 2905 Quae
410 2824 533 2889 etsi
588 2822 788 2887 rarior
832 2834 947 2901 est,
992 2840 1123 2883 non
1168 2819 1353 2884 abest
1395 2830 1586 2902 certe,
1633 2828 1705 2886 ut
1742 2820 1812 2884 in
1858 2820 2064 2905 prima
2103 2820 2392 2905 stropha:
2433 2833 2818 2905 peccatomm
2855 2832 3108 2905 propter

168 2944 600 3009 ,vn-aemonere,
654 2945 907 3007 requam
962 2922 1316 3003 retica-lum,
1376 2920 1507 3005 con}
1519 2925 1805 3007 yreqanti
1851 2943 2071 3007 yenus,
2131 2923 2428 2985 miserunt
2489 2924 2682 2985 malos
2723 2944 2928 3004 mare,
2971 2944 3106 2987 sae»-

174 3028 301 3089 culi
341 3046 657 3109 separare,
701 3026 859 3089 retia
901 3039 1223 3109 ruperunt,
1267 3026 1431 3089 sedes
1472 3035 1841 3089 sanctorum.

342 3124 957 3191 Animadvertuntur
1018 3124 1277 3212 propria
1340 3124 1668 3210 quaedam.
1774 3122 1983 3189 Elisio
2046 3123 2368 3189 vocalium
2421 3124 2525 3189 vel
2585 3122 3102 3191 terminationum

171 3250 315 3291 cum
359 3248 429 3289 m
472 3238 617 3292 ante
675 3226 930 3293 vocales
984 3226 1156 3291 facta
1208 3225 1547 3290 interdum:
1602 3226 1855 3291 reticulo
1909 3230 2192 3289 misso-in
2234 3246 2436 3307 mare,
2491 3228 2555 3306 1,
2601 3226 2660 3291 3.
2747 3230 2924 3292 modo
2981 3250 3102 3312 quo

166 3328 764 3413 pacto-excusabunt
784 3328 1275 3407 factum-altare
1316 3328 1761 3393 contra-altare
1802 3330 1858 3410 2,
1901 3328 1994 3409 10,
2041 3326 2193 3391 alibi
2235 3334 2446 3393 tamen
2487 3328 2799 3413 neglecta,
2847 3338 2915 3393 ut
2943 3333 3000 3409 2,
3031 3333 3098 3396 3:

167 3434 255 3494 sic
308 3434 608 3515 fecerunt
667 3432 995 3494 scissuram
1058 3439 1115 3491 et
1175 3426 1377 3491 altare
1428 3440 1640 3493 contra
1704 3430 1921 3493 altare.
2008 3416 2199 3495 'Ante
2259 3429 2512 3495 vocales
2555 3432 2584 3493 i
2622 3430 2868 3517 prolata
2921 3443 2990 3497 ut
3030 3432 3098 3513 j:

169 3533 593 3614 abundantia,
636 3530 1039 3618 evanqeljum,
1085 3529 1425 3611 ecclesiam,
1472 3528 1746 3613 dyabolo,
1793 3531 2143 3613 trodi'yone,
2191 3530 2359 3613 aljos,
2407 3531 2521 3597 sed
2562 3556 2645 3598 ne
2685 3532 2810 3599 hoc
2849 3534 3100 3619 quidem

175 3654 454 3749 semper.
540 3632 726 3699 Duae
773 3631 1057 3720 syllabae
1101 3630 1329 3695 breves
1374 3652 1489 3717 pro
1532 3653 1658 3698 una
1686 3642 1835 3697 sunt
1863 3632 1930 3697 in
1965 3636 2019 3713 1,
2053 3634 2120 3697 7:
2165 3632 2438 3717 quisquis
2467 3636 2674 3697 recolat
2701 3637 3095 3721 ecanqelium,

164 3736 293 3800 nisi
342 3734 684 3821 legendum
730 3745 831 3800 est
872 3734 1030 3797 colit.

339 3837 497 3903 Non
548 3836 760 3903 differt
816 3833 1205 3901 constructio
1260 3831 1603 3897 carminum
1656 3854 1737 3897 ex
1778 3835 2006 3901 eodem
2062 3836 2317 3903 saeculo
2374 3832 2475 3901 vel
2527 3836 2832 3921 proximis
2877 3856 3098 3923 super·
3159 3822 3169 3832 ⁸

165 3940 393 4003 stitum
450 3960 529 4003 ex
572 3936 699 4003 alia
741 3936 1006 4003 celticae
1047 3933 1327 3999 nationis
1370 3943 1572 4017 terra,
1618 3934 1685 3997 in
1732 3958 1923 4021 quam
1967 3936 2315 4003 christiana
2354 3937 2580 4023 religio
2628 3938 2814 4005 etiam
2857 3939 3097 4005 littera-

164 4064 301 4107 mm
352 4039 595 4106 cultum
635 4038 867 4121 intulit,
916 4061 995 4103 ex
1024 4036 1357 4117 Hibernia,
1402 4036 1541 4101 sive
1586 4036 1783 4103 solam
1828 4040 2308 4105 consonantiam
2338 4062 2478 4105 cum
2512 4050 2682 4106 certo
2713 4040 3092 4127 syllabarum

163 4164 437 4208 numero
481 4141 801 4222 adhibent,
848 4140 984 4206 sive
1028 4138 1205 4203 iuxta
1250 4159 1387 4202 eam
1428 4136 1691 4202 latinum
1730 4149 2000 4205 metrum
2043 4150 2390 4206 servarunt.

336 4246 409 4309 A
439 4242 823 4333 Secundino,
866 4248 1097 4327 nepote
1143 4239 1208 4307 S.
1253 4236 1535 4321 Patricii,
1580 4237 2013 4307 Hibernorum
2058 4242 2331 4328 apostoli
2375 4243 2506 4326 (ab.
2541 4266 2594 4308 a.
2629 4244 2752 4309 433
2782 4267 2982 4330 usque
3015 4247 3093 4311 ad

162 4371 215 4412 a.
262 4344 463 4429 460),
523 4344 912 4429 compositus
965 4341 1193 4408 dicitur
1246 4341 1517 4427 hymnus
1577 4340 2076 4425 alphabeticus
2059 4367 2124 4407 ιιι
2168 4344 2420 4408 laudem
2463 4344 2722 4411 Patricii
2771 4346 3094 4413 etiamtum

159 4449 293 4513 vivi
354 4446 493 4533 (ap.
548 4442 847 4513 Galland.
901 4446 1007 4527 10,
1059 4444 1207 4521 1833
1272 4441 1351 4507 cf.
1400 4442 1611 4507 Vitam
1658 4440 1723 4509 S.
1770 4441 1940 4507 Patr.
1985 4466 2084 4529 ap.
2128 4444 2292 4507 Boll.
2337 4444 2526 4510 Mart.
2574 4449 2642 4527 ⁶2,
2689 4447 2864 4531 276),
2910 4451 3092 4514 cuius

161 4572 397 4616 versus
452 4548 637 4613 metri
689 4546 871 4612 latini
914 4552 1207 4633 expertes
1253 4553 1318 4609 et
1360 4552 1679 4609 sectantes
1726 4544 2110 4629 syllabarum
2170 4568 2494 4617 numerum
2511 4596 2528 4626 ‚
2589 4550 2756 4612 sicut
2808 4550 3091 4635 psalmus

161 4656 223 4717 S.
272 4648 651 4736 Augustini,
710 4658 957 4733 praeter
998 4646 1507 4714 allitterationem
1553 4660 1617 4709 et
1658 4644 2139 4711 consonantiam
2179 4646 2436 4712 finalem
2477 4644 2934 4735 copulativam,
2968 4674 3094 4737 qua

162 4753 298 4816 bini
356 4750 831 4835 coniunguntur
885 4770 1107 4813 versus
1160 4747 1450 4832 saepius,
1499 4746 1618 4811 etsi
1662 4767 1790 4811 non
1836 4768 2114 4833 semper,
2173 4748 2562 4833 frequentius
2609 4752 3092 4817 consonantiam

162 4855 407 4919 habent
468 4850 813 4916 lateralem.
922 4848 1015 4915 Ut
1080 4847 1377 4935 strophae
1438 4848 1504 4913 A
1560 4857 1622 4912 et
1674 4846 1731 4911 B
1789 4868 1932 4913 cum
1997 4851 2416 4915 consonantia
2487 4850 2656 4915 finali
2723 4851 3091 4938 plerumque

166 4952 648 5039 monosyllaba:

730 5074 739 5141 Ι
781 5070 1011 5143 Audite,
1054 5074 1063 5134 ἱ
1106 5088 1295 5127 omnes
1338 5072 1347 5141 Ι
1388 5074 1635 5126 amantes
1678 5074 1703 5145 Η
1748 5067 1938 5139 deum,
1977 5075 2178 5126 saneta
2217 5070 2424 5128 merita

649 5164 779 5225 Viri
815 5165 875 5222 in
918 5163 1147 5223 Christo
1188 5154 1343 5221 beati
1382 5160 1407 5229 ll
1450 5160 1663 5221 Patrios
1702 5160 1711 5229 Ι
1756 5162 2030 5239 episcopi,
