3717 5642
1211 403 1594 458 rasurum
1637 403 1992 458 moronis.
2228 383 2775 459 <XXXI-XXXIII)
2818 383 3066 459 XXIII

188 599 292 644 cum
327 576 594 645 morbus
633 577 874 664 typhus
919 577 1272 644 invasisset
1315 577 1655 660 civitatem,
1703 577 1885 644 cuius
1926 577 2071 664 ipse
2110 577 2317 664 prima
2356 578 2597 647 indicia
2638 580 2920 648 sentiens
2949 581 3068 646 Al-

185 690 318 774 pium
373 687 696 755 saniorem
753 698 904 755 aera
953 697 1173 776 petere
1227 697 1488 754 coactus
1531 706 1687 752 sum.
1775 686 2087 770 Quamvis
2134 707 2285 772 ergo
2327 710 2458 754 non
2500 699 2573 754 ut
2614 701 2751 757 erat
2790 691 2861 756 in
2901 691 3071 758 votis

188 809 532 865 consecutus
587 797 708 864 sim
761 821 1014 864 omnem
1067 819 1202 862 rem
1219 848 1234 878 ‚
1293 818 1425 863 non
1480 798 1638 863 satis
1681 819 1945 882 possum
1987 796 2285 862 laudibus
2341 799 2565 865 efferre
2621 797 3071 867 humanitatem

189 917 236 1000 et
251 908 751 974 benevolentiam
779 908 850 973 in
877 929 977 974 me
1005 917 1132 972 tam
1159 907 1619 993 praefectorum
1650 907 2095 988 bibliothecae,
2138 930 2325 994 quam
2356 909 2605 976 comitis
2634 909 3071 992 castilionem,

190 1018 422 1084 virorum
451 1018 1152 1104 praestantissimorum
1195 1025 1260 1082 et
1297 1017 1824 1084 doctissimorum.
1912 1016 2089 1084 Huic
2128 1017 2293 1084 libro
2338 1019 2393 1084 si
2422 1019 2695 1088 fortasse
2736 1022 3077 1108 contigerit

193 1129 440 1194 secunda
484 1128 700 1208 editio,
747 1150 934 1214 spero
977 1150 1108 1194 non
1152 1127 1446 1194 defutura
1497 1147 1620 1194 nec
1661 1128 1821 1193 haec
1863 1125 2399 1210 Mediolanensia,
2444 1152 2566 1196 nec
2606 1153 2771 1218 quae
2816 1154 3077 1198 servan-

189 1250 266 1303 tur
303 1241 638 1323 Augustae
690 1237 1138 1320 Taurinorum,
1203 1236 1475 1303 collecta
1537 1239 1618 1304 ab
1669 1239 1752 1304 A.
1806 1235 2090 1322 Peyron,
2152 1237 2289 1303 viro
2346 1238 2701 1306 clarissimo
2769 1241 2881 1327 (cf.
2936 1241 3074 1309 Cic.

193 1349 364 1434 fiagm.
413 1348 594 1416 ined.
648 1371 758 1435 pp.
815 1349 952 1413 191.
1013 1346 1205 1430 192),
1275 1369 1462 1435 quam
1511 1348 1836 1414 civitatem
1894 1369 1996 1430 re,
2069 1348 2149 1414 ob
2203 1369 2392 1434 quam
2446 1349 2753 1433 adieram,
2822 1352 3079 1418 omnino

189 1457 506 1524 infectareli
543 1457 670 1545 qui.

323 1571 382 1634 4.
445 1566 676 1634 Codex
717 1567 1142 1634 bibliothecas
1172 1565 1682 1636 Carlisruhensis
1727 1569 1820 1652 (n.
1851 1569 1955 1650 83,
2002 1566 2109 1635 Cr.
2138 1569 2209 1634 in
2236 1568 2359 1636 hoc
2388 1569 2631 1656 opere),
2675 1571 2840 1638 liber
2880 1594 3083 1659 quon-

191 1679 312 1744 dam
347 1677 722 1744 monasterii
761 1678 1018 1763 Augias
1059 1677 1320 1746 maioris
1361 1681 1430 1744 in·
1473 1679 1618 1744 lacu
1659 1677 2009 1744 Bodamico
2055 1676 2279 1764 (germ.
2324 1679 2755 1766 Reichenau),
2810 1681 3084 1770 inscrip-

187 1801 293 1856 tus:
363 1781 750 1874 ‘computus
806 1788 886 1854 de
927 1787 1132 1874 signis
1173 1787 1310 1854 XII
1355 1799 1420 1853 et
1459 1789 1951 1855 intervallorum.
2038 1787 2220 1854 Beda
2272 1789 2353 1856 de
2405 1790 2651 1856 ratione
2692 1783 3079 1878 temporum.²

189 1899 362 1968 Multo
401 1899 718 1965 minorem
759 1899 888 1964 iam
927 1897 1252 1966 materiam
1295 1907 1580 1983 praestat
1621 1920 1806 1984 quam
1837 1897 2095 1965 codices
2136 1907 2285 1964 ante
2316 1900 2485 1982 dicti,
2530 1901 2832 1966 maiorem
2872 1911 3085 1972 tamen

186 2033 348 2096 quam
385 2033 544 2076 mox
583 2009 752 2074 infra
791 2018 1152 2095 sequentes.
1227 2007 1504 2074 Glossae
1547 2008 1913 2074 hibernicae
1952 2008 2449 2095 interpretantur
2476 2019 2717 2076 textum
2744 2012 2961 2078 Bedae
3008 2013 3089 2078 de

195 2143 378 2186 rerum
415 2131 654 2186 natura
707 2128 774 2184 et
815 2118 895 2184 de
937 2129 1288 2204 temporum
1331 2118 1595 2183 ratione.
1682 2117 2077 2206 Incipientes
2133 2142 2173 2184 a
2214 2141 2277 2206 p.
2314 2121 2391 2185 18
2437 2121 2695 2206 glossae
2746 2122 2819 2188 in
2858 2123 3089 2188 librum

189 2233 442 2316 priorem
485 2229 846 2317 procedunt
883 2251 1088 2315 usque
1131 2229 1214 2294 ad
1243 2229 1366 2295 20⁵.
1447 2225 1615 2294 Post
1654 2229 1833 2296 locos
1879 2229 2187 2315 quosdam
2226 2229 2585 2296 libellorum
2614 2229 2827 2298 Bedae
2872 2233 2953 2299 de
2995 2232 3091 2298 lo·

185 2341 354 2426 quola
395 2341 746 2426 digitorum
789 2339 919 2422 (ed.
965 2319 1160 2404 sagn.
1213 2341 1265 2420 1,
1316 2338 1468 2421 165)
1527 2348 1592 2404 et
1633 2339 1714 2404 de
1753 2339 2003 2404 ratione
2046 2339 2371 2405 unciarum
2415 2339 2544 2423 (ed.
2588 2341 2790 2408 Banu.
2840 2345 2895 2422 1,
2940 2341 3093 2426 182)

183 2451 368 2517 obiter
409 2461 628 2529 tactos
680 2449 749 2514 in
793 2451 898 2516 24⁴
941 2458 1006 2514 et
1045 2451 1150 2516 25·
1166 2501 1185 2530 ‚
1239 2449 1526 2534 sequitur
1579 2448 1889 2534 glossatio
1942 2447 2013 2514 in
2066 2449 2288 2516 codice
2332 2451 2701 2518 continuata
2741 2477 2781 2518 a
2822 2453 2939 2518 col.
2988 2452 3095 2518 31·

181 2583 366 2646 usque
409 2560 500 2626 ad
539 2562 648 2626 45·
691 2561 762 2625 in
803 2560 1030 2626 librum
1077 2559 1158 2624 de
1184 2567 1536 2643 temporum
1579 2559 1843 2640 ratione,
1890 2569 1959 2624 et
1983 2557 2363 2626 luculentior
2405 2559 2661 2646 quidem
2702 2561 2853 2628 inde
2884 2585 2923 2626 a
2952 2584 3093 2648 cap.

181 2669 290 2734 XV
334 2671 470 2755 (ed.
501 2669 707 2736 Basil.
753 2671 815 2751 ἱ),
847 2671 981 2750 95),
1026 2669 1142 2734 sed
1169 2666 1476 2733 deficiens
1521 2667 1824 2754 deinceps
1868 2667 1937 2732 in
1965 2669 2425 2754 posterioribus
2470 2671 2803 2758 capitibus.
2890 2671 2969 2738 In
2994 2673 3093 2740 fo-

177 2779 270 2846 liis
305 2783 543 2868 primis
593 2779 838 2846 codicis
879 2801 1062 2844 raras
1105 2785 1256 2844 sunt
1297 2779 1742 2846 adnotationes
1784 2777 2177 2860 hibernicae,
2232 2779 2299 2844 in
2342 2783 2405 2846 4·
2464 2780 2533 2846 in
2575 2783 2861 2868 margine
2906 2803 3096 2870 supe-

176 2889 352 2958 riore:
409 2893 461 2974 †
489 2887 852 2977 οοηφιιεεοῆ·
893 2889 1070 2974 (gen.
1113 2911 1280 2956 nom.
1330 2912 1423 2976 pr.
1468 2911 1721 2974 neuque,
1767 2911 1923 2953 num
1964 2888 2215 2974 signum
2261 2888 2552 2977 Oengusi
2597 2892 2955 2976 scriptoris,
3014 2917 3097 2960 an

175 3003 382 3068 mortis
431 3003 752 3068 indicatio
767 3000 850 3084 P),
897 3007 964 3064 et
989 2998 1116 3064 alia
1157 2997 1468 3066 eiusmodi
1511 2999 1578 3062 in
1609 2998 1728 3066 col.
1767 3001 1890 3064 17·:
1936 2999 2197 3086 Auyuot.
2244 3001 2315 3080 ιβ
2344 3051 2361 3066 .
2386 3051 2403 3068 .
2436 3049 2450 3062 .
2486 2999 2523 3066 ὂ
2551 3000 2633 3067 db
2672 3026 2717 3066 u
2754 3001 2861 3066 ba's
2902 3005 3099 3067 muir-

170 3109 368 3176 chacho
417 3133 512 3176 m.
556 3109 904 3176 mailedtiin
953 3109 1228 3174 Ιιίσᾶιαὲπ
1275 3131 1356 3172 m.
1405 3111 1616 3174 canons
1669 3109 2169 3176 dimdackiarain
2220 3131 2301 3176 ..τ.
2346 3133 2523 3176 anno.
2626 3109 3103 3198 chronologica

173 3221 430 3306 amplior
503 3221 592 3288 de
645 3219 926 3286 dictione
971 3210 1182 3284 ‘salva
1229 3218 1478 3284 ratione
1535 3211 1750 3284 saltus'
1811 3219 2007 3286 obvia
2068 3218 2135 3284 in
2192 3220 2253 3284 3¹·
2310 3220 2596 3306 sequitur
2648 3219 2813 3286 infra
2866 3223 2931 3286 in
2986 3245 3099 3308 ap-

169 3332 450 3415 pendice.

321 3441 508 3511 Esse
555 3443 734 3508 hunc
775 3439 1065 3506 codicem
1106 3438 1362 3506 saeculo
1394 3446 1620 3504 octavo
1660 3436 1923 3503 finiente
1964 3438 2072 3504 vel
2108 3461 2279 3506 nono
2309 3438 2656 3526 incipiente
2698 3438 2779 3504 ab
2809 3439 3102 3508 Hiberno

171 3552 230 3614 in
267 3552 646 3620 Germania
688 3549 1012 3636 scriptum,
1056 3557 1234 3636 patet
1277 3571 1314 3614 e
1355 3546 1788 3614 notationibus
1830 3547 1934 3614 his
1976 3548 2445 3634 chronologicis
2488 3549 2555 3614 in
2598 3572 2663 3637 p.
2700 3551 2829 3616 15·:

459 3659 793 3728 DCGLX
806 3657 936 3724 VII
963 3657 1216 3724 karolus
1259 3655 1299 3721 7
1339 3657 1812 3722 karolomannus
1851 3657 2161 3744 eliquatur
2200 3659 2270 3724 in
2310 3679 2567 3744 requam

463 3766 794 3836 DCCLX
807 3765 1004 3832 VIIII
1029 3767 1504 3832 karolomannus
1543 3769 1807 3831 mor-im·

459 3877 614 3946 DC
613 3875 914 3944 CLXXI
939 3875 1190 3940 karolus
1226 3878 1296 3940 in
1335 3875 1582 3942 italiam
1618 3877 1901 3961 pem-exit

171 3991 440 4058 Additur
485 3991 572 4056 in
619 3987 910 4073 margine
951 3985 1278 4052 inferiore:

459 4094 935 4166 DCCCXHII
961 4097 1025 4162 ,ιζ
1068 4093 1316 4163 karolus
1353 4096 1502 4180 imp.
1547 4093 1696 4160 obiit

177 4207 243 4273 In
281 4211 596 4300 margine
647 4205 978 4294 superiore
1019 4204 1262 4272 notatio
1305 4203 1772 4270 recentissima:

461 4316 794 4387 DCCCX
807 4313 937 4380 VII
965 4319 1032 4382 ,ιζ
1077 4315 1197 4378 aed
1234 4335 1347 4378 rex
1389 4313 1680 4380 hiberniae
1721 4315 2004 4378 moritur.

319 4435 382 4500 5.
463 4427 724 4500 Codex
765 4424 1086 4492 Prisciani
1127 4423 1548 4490 bibliothecae
1579 4421 2087 4489 Garlisruhensis
2118 4422 2211 4505 (n.
2244 4423 2385 4502 223,
2432 4421 2586 4487 mihi
2614 4421 2719 4488 Pr.
2752 4421 2911 4508 On),
2956 4424 3117 4490 liber

180 4538 344 4606 eiiam
389 4539 751 4627 quondam
792 4535 1048 4622 Augias
1097 4533 1354 4600 maioris
1424 4534 1527 4617 (ut
1573 4533 1640 4598 in
1684 4533 1889 4619 prima
1930 4532 2167 4618 pagina
2208 4532 2536 4618 utriusque
2592 4533 2833 4600 codicis
2891 4535 3121 4600 asserit

181 4661 414 4718 vetusta
455 4644 750 4732 manns)
767 4695 788 4730 ‚
849 4645 1045 4711 multo
1100 4643 1424 4731 parciores
1481 4643 1738 4709 exhibet
1779 4641 2031 4728 glossas
2076 4643 2161 4709 ad
2201 4652 2441 4710 textum
2486 4643 2879 4729 grammatici
2935 4653 2999 4708 et
3048 4644 3119 4708 in

183 4772 338 4843 parte
381 4772 660 4828 tantum
705 4756 952 4824 codicis
997 4757 1076 4822 ab
1117 4753 1306 4820 initio
1351 4775 1552 4839 usque
1595 4752 1679 4818 ad
1705 4755 1838 4833 64·;
1894 4777 1935 4817 a
1963 4753 2067 4816 64¹·
2110 4774 2313 4839 usque
2354 4753 2437 4817 ad
2471 4754 2590 4817 103
2632 4753 2810 4818 nulla
2850 4754 3121 4840 amplius

187 4873 357 4938 obvia
395 4883 524 4940 est.
645 4867 736 4934 In
777 4876 960 4952 parte
1016 4887 1146 4930 una
1187 4865 1543 4950 glossarum
1594 4863 1891 4947 congruit
1944 4884 2086 4927 cum
2141 4861 2475 4928 Prisciano
2533 4863 2748 4927 Sancti
2790 4861 2994 4945 Galli,
3053 4874 3123 4928 ut

191 4983 374 5067 possit
415 4981 648 5050 videri
703 4976 1012 5044 oriundus
1054 4973 1134 5039 ab
1181 4996 1256 5039 eo
1301 4985 1364 5039 et
1409 4994 1553 5038 esse
1597 4971 1971 5038 recentioris
2016 4973 2273 5054 aetatis,
2330 4973 2398 5037 in
2452 4972 2653 5037 altera
2692 4981 2901 5037 tamen
2944 4983 3123 5060 parte

195 5105 276 5157 est
313 5097 410 5161 sni
455 5092 696 5181 ipsius
743 5086 988 5153 arbitrii
1032 5094 1098 5150 et
1139 5085 1321 5150 offert
1363 5081 1825 5166 adnotationes,
1871 5104 2031 5168 quas
2074 5083 2285 5148 nescit
2326 5081 2525 5148 codex
2570 5080 2791 5150 Sancti
2832 5083 3026 5151 Galli.

337 5211 396 5272 6.
441 5203 698 5274 Codex
736 5197 960 5266 Sancti
991 5193 1164 5263 Galli
1191 5218 1254 5260 n.
1293 5195 1471 5274 1395,
1519 5192 1852 5260 continens
1883 5193 2375 5278 fragmentorum
2418 5216 2453 5258 e
2482 5190 2815 5259 codicibus
2858 5193 3125 5260 vetustis

2670 5306 2730 5363 b·
