3717 5642
885 346 1252 398 Arrnnmx.
1326 350 1660 401 spuonmn
1702 350 1971 399 oon101s
2012 350 2363 399 mansuum
2403 350 2516 397 un.
2583 335 2965 398 (1066-1068)
3011 334 3171 399 1045

245 515 494 582 iudicio
539 537 657 582 suo
685 520 988 603 poterat,¹
1009 519 1034 561 ³
1081 540 1292 606 neque
1312 530 1338 560 ⁸
1383 520 1450 586 in
1480 520 1889 586 meditatione
1932 518 2099 605 legis
2142 540 2354 585 curam
2399 518 2686 586 sedulam
2730 519 3121 603 admovere,¹
3137 524 3164 564 ⁴

240 618 352 703 qui
399 620 481 684 ad
524 641 710 685 omne
754 619 1030 687 studium
1072 642 1189 707 pro
1231 622 1572 689 nutrientis
1617 623 1965 689 ducebatur
2006 621 2287 687 arbitrio.
2374 619 2727 707 Septimum
2771 623 2987 709 itaque
3008 624 3035 663 b
3068 646 3174 691 ae-

235 720 391 785 tatis
437 720 654 806 agenti
699 743 936 787 annum
977 732 1172 790 onus⁶
1235 726 1493 811 insigne
1521 725 1737 811 regiae
1780 723 2111 809 dignitatis
2154 724 2517 809 impositum
2548 734 2668 793 est.
2756 723 2903 792 Duo
2934 726 3171 812 itaque,

237 842 408 906 quae
447 820 694 888 faciunt
732 820 1085 889 hominem¹
1105 830 1130 869 ⁶
1182 826 1262 893 ad
1307 826 1760 892 beatitudinem
1802 827 2167 913 pervenire:
2216 826 2529 909 dogmatis
2572 838 2750 892 recta
2792 828 3163 911 sententia,¹

232 924 304 988 id
349 932 477 1005 est,
535 932 606 988 ut
645 922 754 1009 pie
796 923 876 989 de
920 924 1042 993 deo
1087 936 1153 993 et
1189 927 1438 1014 integre
1483 928 1818 1010 sentiatur,
1866 936 1930 993 et
1970 949 2216 993 morum
2260 928 2594 993 emendata
2632 928 2959 994 formatio²
3010 929 3173 1013 est,‘¹

231 1024 609 1111 priusquam
665 1023 931 1091 honeste
990 1047 1274 1115 saneque
1287 1038 1312 1069 ⁶
1369 1028 1643 1096 vivatur.
1741 1030 2053 1095 Neutrum
2114 1029 2197 1094 ad
2244 1028 2697 1115 perfectionem
2752 1029 2961 1095 valet⁸
3032 1030 3174 1097 sine

235 1126 458 1208 altero,
479 1128 502 1166 f
563 1126 830 1192 alterum
871 1148 1026 1196 vero
1071 1129 1270 1197 altero
1317 1140 1428 1196 aut
1457 1129 1786 1215 subpletur
1827 1138 1939 1196 aut
1978 1130 2366 1196 comitatur.⁴
2442 1128 2573 1197 Sed
2598 1130 2759 1197 fides
2802 1131 2971 1195 inter
3012 1130 3173 1197 haec

237 1227 406 1292 duo⁵
456 1227 732 1315 primum
774 1226 1024 1295 obtinet
1064 1231 1272 1297 locum
1289 1282 1306 1315 ,
1353 1232 1544 1297 sicuti
1585 1231 1653 1296 in
1695 1252 1961 1317 corpore
2002 1230 2438 1299 honorabilius
2484 1241 2677 1318 caput
2716 1231 2885 1297 inter
2926 1232 3175 1318 reliqua

235 1329 527 1397 membra
568 1338 884 1397 censetur.
969 1332 1077 1397 Ad
1117 1334 1609 1419 perfectionem⁶
1659 1340 1871 1397 tamen
1912 1331 2189 1399 hominis
2231 1332 2601 1398 necessaria
2644 1344 2745 1399 est
2782 1332 3173 1419 reliquorum

233 1432 532 1498 accessio
575 1440 643 1497 et
685 1452 994 1517 compago
1035 1436 1477 1501 membrorum.
1567 1431 1875 1500 Similiter
1916 1442 1981 1499 et
2024 1434 2107 1499 ad
2150 1436 2754 1501 consummationem
2794 1433 3003 1499 vitae⁷
3055 1433 3172 1499 hu-

230 1531 341 1597 ius
395 1540 650 1618 oportet
699 1540 968 1619 utraque
1011 1556 1423 1617 concurrere,
1476 1535 1669 1601 fidem
1725 1532 1977 1599 scilicet
2031 1542 2097 1600 et
2136 1534 2350 1599 vitam.
2448 1534 2538 1601 Et
2576 1535 2728 1601 fidei
2783 1534 3044 1621 quidem
3089 1534 3171 1600 ad

229 1632 622 1718 perfectum⁸
669 1634 1134 1721 conprehensio
1177 1658 1283 1703 res
1314 1637 1544 1703 ardua⁹
1597 1644 1786 1720 atque
1832 1632 2132 1717 difficilis,
2179 1635 2473 1701 custodia
2499 1659 2651 1703 vero
2680 1635 2908 1703 facilis.
2984 1634 3173 1702 Vitae

237 1744 455 1799 autem
495 1734 658 1799 ratio
714 1734 796 1799 ad
835 1735 1334 1826 intellegendum
1375 1740 1690 1824 prona,²⁰
1741 1746 1808 1801 et
1849 1756 2017 1821 quae
2058 1736 2339 1801 omnium
2379 1736 2731 1803 intellectui
2772 1746 2904 1803 tam
2946 1738 3015 1803 in
3058 1740 3172 1805 bo-

235 1858 470 1901 norum
499 1834 786 1921 adpetitu
827 1858 1013 1923 quam
1055 1840 1122 1904 in
1152 1840 1462 1907 malorum
1501 1840 1685 1925 fuga¹
1706 1843 1728 1882 ¹
1783 1838 2079 1903 videatur
2108 1838 2455 1921 exposita.¹
2474 1840 2499 1880 ²
2568 1837 2901 1906 Exhibitio
2934 1845 3117 1906 vero¹
3139 1844 3163 1883 ³

235 1960 376 2005 non
428 1937 644 2024 operis
699 1938 882 2024 parvi
925 1960 1002 2005 ac
1053 1940 1326 2025 laboris,
1385 1942 1501 2009 sed
1551 1960 2026 2025 nonnumquam
2083 1941 2254 2007 vitae
2297 1940 2518 2007 merito
2578 1941 2661 2006 ad
2712 1940 2903 2007 fidem
2959 1941 3173 2007 aditus

230 2040 572 2125 aperitur,1
588 2044 616 2083 ⁴
669 2050 734 2106 et
775 2062 812 2106 e
857 2040 1149 2111 diverso¹
1164 2048 1188 2087 ⁵
1241 2046 1324 2111 ad
1352 2046 1695 2132 perfectam
1738 2040 2165 2126 cognitionem
2210 2042 2348 2108 eius
2394 2043 2677 2131 peccatis
2707 2042 3123 2124 obstruitur31
3136 2046 3165 2086 ⁶

232 2165 392 2207 nam
434 2142 613 2208 velut
658 2142 1036 2228 quibusdam
1075 2148 1358 2213 tenebris
1405 2142 1918 2213 conversationis
1966 2144 2315 2210 sincerum¹
2332 2146 2357 2185 '²
2406 2142 2878 2227 intercluditur,
2926 2143 3065 2209 eius
3109 2153 3174 2209 et

233 2244 490 2330 puritas
531 2244 894 2331 impeditur.
981 2244 1172 2313 Unde
1226 2248 1392 2314 hanc
1433 2256 1681 2334 partem
1722 2245 1999 2311 maxime
2046 2246 2433 2333 scripturae¹
2452 2251 2479 2291 ⁸
2531 2246 2789 2312 divinae
2836 2256 2937 2312 est
2978 2245 3171 2312 moris

231 2346 560 2413 excolere.
644 2344 733 2411 Et
771 2344 920 2412 ideo
965 2348 1156 2413 etiam
1197 2350 1266 2415 in
1307 2350 1633 2437 praesenti
1675 2348 1923 2435 psalmo
1966 2358 2113 2415 ante
2158 2350 2539 2415 documenta
2582 2347 2925 2436 disciplina
2965 2370 3171 2414 mora-

229 2450 318 2516 lis
361 2447 771 2531 indicum-31⁹
821 2470 970 2514 nam
999 2453 1308 2519 obesse²⁰
1356 2452 1678 2539 perfectae
1719 2448 1873 2515 fidei
1918 2472 2157 2515 morum
2199 2452 2379 2534 vitia,
2431 2451 2721 2536 apostolo
2766 2458 2933 2515 teste
2979 2449 3172 2516 disci-

229 2574 400 2634 mus,
449 2552 556 2638 qui
601 2550 692 2617 ait
733 2552 816 2617 ad
845 2550 1243 2622 Corinthiosz
1289 2554 1438 2621 Non
1467 2552 1646 2643 potui
1675 2551 1864 2618 vobis
1893 2552 2069 2639 loqui
2113 2552 2297 2640 quasi
2328 2552 2786 2640 spiritualibus,
2835 2552 2950 2617 sed
2982 2530 3171 2636 quasi

229 2653 634 2735 carnalibus,
691 2656 879 2739 quasi
920 2658 1208 2742 parvulis
1250 2656 1320 2723 in
1365 2656 1644 2724 Christo.
1729 2652 1818 2720 Et
1859 2654 2217 2741 subiungitt
2286 2654 2453 2721 Cum
2498 2654 2671 2719 enim
2716 2654 2801 2719 sit
2840 2654 3009 2719 inter
3050 2676 3171 2721 vos

233 2756 420 2821 zelus
467 2764 532 2821 et
562 2756 906 2838 contentio,
950 2779 1166 2823 nonne
1209 2759 1500 2825 carnales
1547 2757 1704 2823 estis
1749 2764 1814 2821 et
1842 2757 2191 2822 secundum
2236 2756 2551 2823 hominem
2582 2754 2963 2821 ambulatis?
3006 2752 3173 2823 Cum

231 2881 270 2923 e
318 2857 639 2925 contrario
683 2880 794 2923 cor
836 2860 1062 2925 melius
1115 2860 1198 2925 ad
1238 2860 1432 2927 fidem
1491 2860 1577 2925 sit
1633 2857 1935 2943 suffragio
1991 2856 2502 2923 conversationis
2560 2857 2926 2922 admissum.
3022 2856 3173 2923 Hoc

229 2958 455 3043 itaque
507 2969 947 3043 argumentum
1001 2970 1102 3027 est
1157 2962 1515 3048 praesentis
1570 2960 1820 3046 psalmi.
1920 2957 2248 3024 Debemus
2302 2958 2427 3023 iam
2482 2958 2826 3024 adiuvante
2869 2958 3157 3024 domino¹

231 3082 355 3145 per
398 3070 618 3147 partes
662 3062 744 3126 ad
771 3063 1222 3129 reserandum²
1273 3062 1668 3129 intellectum
1711 3061 1849 3127 eius
1894 3060 2203 3126 accedere
2248 3067 2329 3141 et,
2377 3060 2433 3125 si
2464 3081 2734 3126 necesse
2776 3059 2999 3125 fuerit³
3050 3080 3165 3145 pro

230 3162 749 3230 consideratione
789 3186 998 3229 rerum
1041 3164 1539 3245 occurrentium,
1603 3163 1820 3248 aliqua
1859 3162 2054 3227 latius
2101 3162 2439 3245 explicare.
2530 3161 2679 3226 Non
2722 3162 3173 3228 obliviscemur

229 3272 448 3328 tamen
496 3264 656 3345 eius,
705 3288 894 3352 quam
936 3266 1344 3352 promisimus
1388 3266 1457 3329 in
1500 3264 1895 3351 praefatione
1910 3314 1927 3343 ,
1986 3263 2369 3327 brevitatis.⁴
2442 3261 2590 3327 Hoc
2643 3274 2853 3328 autem
2894 3263 3169 3327 maxime

232 3364 632 3431 servabimus
673 3366 742 3431 in
782 3368 1104 3455 praesenti
1147 3366 1391 3451 psalmo
1458 3376 1522 3431 et
1563 3366 1632 3429 in
1673 3366 1940 3451 reliquis
1986 3364 2281 3430 omnibus
2298 3414 2315 3443 ,
2376 3372 2447 3428 ut
2489 3385 2735 3428 omnem
2781 3363 3171 3427 intellectum

227 3464 298 3528 in
345 3487 656 3530 summam
696 3469 1097 3555 redigentes⁵
1151 3466 1437 3549 strictim,
1487 3467 1833 3553 quicquid&
1883 3466 2219 3533 dicendum
2250 3474 2367 3546 est,
2416 3463 2826 3550 explicemus,
2874 3463 3169 3549 quoniam

221 3589 366 3631 non
412 3576 514 3633 est
553 3569 740 3636 nobis
783 3570 1186 3656 propositum
1225 3568 1418 3633 latius
1463 3578 1694 3635 cuncta
1737 3568 2098 3656 prosequi,⁶
2149 3565 2265 3633 sed
2294 3565 2651 3632 summatim
2682 3566 2995 3632 dictorum
3038 3588 3171 3631 om-

398 3804 436 3846 a
471 3804 769 3864 nunquam
843 3790 883 3848 b
920 3789 1140 3866 quippe
1217 3807 1250 3847 c
1287 3787 1473 3847 honor
1511 3792 1572 3845 et
1645 3786 1684 3845 d
1725 3790 1869 3847 deest
1946 3806 1979 3845 e
2018 3792 2329 3863 sancteque
2404 3784 2435 3843 f
2468 3801 2649 3862 genus
2726 3804 2765 3861 g
2804 3783 2959 3861 quod

603 3938 642 3945 ..-

213 4088 249 4147 f
290 4088 303 4101 ·
335 4020 454 4139 ὸέἠθθ
477 4033 532 4139 ἦ.
567 4016 774 4070 airm’bu
791 4016 1158 4097 fiores-sentit
1181 4016 1372 4071 boisum
1404 4016 1757 4085 ὑίπεαὺπῇίν]
1833 4024 1895 4071 14
1933 4019 1984 4075 ,ιζ
2020 4015 2421 4070 airdanirnmart
2447 4013 2609 4083 μείω
2640 4012 2780 4067 deice
2852 4018 2913 4069 15
2950 4012 3004 4069 ,αἱ
3037 4012 3171 4067 laires

243 4104 334 4141 mr

370 4157 508 4219 (14⁸)
580 4160 605 4207 1
644 4154 697 4208 .i.
732 4154 932 4209 etas-cm
964 4154 1046 4207 doe
1133 4160 1164 4207 2
1201 4152 1314 4208 ised
1343 4153 1455 4207 imo
1493 4153 1662 4207 ancill
1693 4155 1768 4219 (in
1803 4170 1991 4225 marga
2036 4152 2149 4207 rhed
2179 4150 2291 4205 οἴωο
2325 4150 2622 4216 mma)
2722 4156 2753 4205 3
2792 4152 2839 4206 ,αἱ
2876 4150 2933 4205 m'
2966 4158 3169 4205 sonarc-

217 4222 488 4293 nat'yedoe·
522 4221 735 4277 nectatur
769 4222 832 4277 de
862 4222 1082 4277 mnibet
1116 4221 1286 4276 andins
1323 4222 1390 4275 do
1424 4221 1494 4273 im
1519 4223 1574 4274 ol
1690 4222 2020 4292 foirbchetad
2084 4229 2117 4274 4
2150 4219 2441 4273 nochoimta
2508 4236 2574 4273 ar

369 4299 401 4347 5
451 4292 503 4347 ,ιζ
545 4291 908 4346 ποσΙιίεΙιοπαῶ
953 4292 1038 4345 elib
1071 4290 1170 4344 adn
1203 4292 1254 4347 ,ιζ
1293 4291 1426 4343 laires
1489 4290 1622 4344 oirbt
1718 4298 1745 4343 7
1780 4290 1981 4360 ynimai
2012 4288 2284 4343 sainemlac
2322 4289 2369 4341 ,εἴ
2406 4235 2589 4341 ὢιθίνω
2626 4285 2872 4341 astot'seck
2906 4285 3171 4340 iohauidih

214 4370 248 4415 6
291 4360 698 4414 medontoetimin
770 4368 796 4413 7
835 4359 1111 4429 dumsoirb.
1185 4366 1213 4413 8
1253 4359 1302 4415 ‚22
1338 4360 1604 4412 etarccnai
1638 4358 1701 4412 αἴθ’
1771 4366 1802 4414 9
1839 4361 1891 4413 ,22
1926 4358 2055 4412 εἐνότ
2088 4358 2194 4411 and
2228 4358 2279 4412 ‚22
2302 4358 2348 4427 f
2403 4356 2529 4409 laim
2562 4357 2686 4409 ima
2719 4355 2901 4409 hir-me
2922 4354 3155 4424 soirbtlae

369 4436 441 4483 10
477 4429 528 4483 ,αἱ
563 4428 822 4483 isadblam
856 4432 907 4485 ,ιζ
943 4429 1108 4482 ferend
1123 4428 1349 4499 foqlaim
1383 4428 1645 4497 inbesynai
1715 4436 1771 4483 11
1816 4429 1868 4483 ,ιζ
1906 4427 2006 4481 ata‘·
2030 4426 2301 4480 inaicniud
2332 4444 2361 4479 c
2396 4424 2517 4479 nich
2552 4424 2731 4477 derum
2762 4423 2923 4477 maith
2960 4430 2987 4477 7
3011 4426 3171 4493 imqa-

211 4500 336 4555 bm‘l
369 4497 482 4551 uile
517 4496 766 4551 dederam·
837 4504 898 4553 12
935 4497 1176 4551 lothar-de

372 4570 440 4620 13
479 4566 532 4621 ,ιζ
565 4566 1060 4621 ποσὴὼίπσοωαῑὶαᾶ
1089 4565 1186 4619 σόη
1255 4572 1320 4621 14
1356 4566 1407 4619 .i.
1444 4563 1790 4619 arosailctloer
1823 4563 1961 4617 laires
1996 4563 2071 4617 tn·
2102 4560 2297 4632 dayam
2369 4567 2431 4615 15
2471 4561 2522 4615 ,ιζ
2548 4560 2891 4615 kochotarsmz
2914 4560 2966 4614 .i.
2991 4560 3171 4612 innar-

211 4640 324 4692 bar
362 4636 502 4689 hiras
540 4635 662 4688 dam
695 4636 769 4689 tri
803 4635 1135 4717 droclnym'nm
1210 4640 1270 4688 16
1312 4636 1362 4691 ,ιζ
1386 4634 1694 4703 ᾐηὶάαπέαν
2754 4697 2765 4708 .

369 4710 432 4758 ιἿ
485 4705 716 4758 condivit
822 4712 886 4760 18
932 4722 983 4761 a.
1021 4704 1216 4757 ciendis
1250 4703 1695 4773 nstrickainynimu
1727 4716 1947 4771 roseyar
1982 4706 2009 4752 7
2050 4699 2389 4754 arosailctker
2422 4698 2649 4751 indkires
2672 4696 2907 4766 fmrbthe
2943 4696 3172 4766 doenqm

219 4786 286 4831 19
328 4792 428 4827 asc
531 4788 663 4826 arar
732 4780 800 4828 20
832 4772 1014 4835 froemb’
1015 4780 1131 4827 erat

364 4790 530 4908 affl
579 4850 604 4897 1
647 4844 696 4895 .i.
732 4844 828 4896 issi
859 4851 946 4896 tra
976 4842 1113 4896 brith
1149 4860 1214 4895 ar
1249 4841 1578 4895 &testimimo
1610 4837 1810 4893 rnoenibe'
1843 4846 1917 4893 est
1954 4840 2061 4891 and
2094 4846 2209 4891 was
2248 4842 2277 4889 ’1
2311 4852 2399 4888 ma
2433 4844 2725 4905 arywmemo
2760 4832 2840 4907 bes
2864 4839 2955 4885 ant
3026 4840 3054 4885 2
3080 4832 3175 4886 bed

203 4911 500 4971 ersaitctki
566 4918 596 4965 3
635 4914 686 4964 ,ιζ
723 4912 813 4965 eid
842 4928 960 4965 esen
991 4911 1186 4965 diendw
1224 4911 1449 4965 doneuch
1487 4909 1746 4962 asdor-uid
1778 4910 1937 4963 coleir-
1973 4909 2030 4960 ιη’
2060 4904 2455 4975 seclamalsaider
2490 4904 2648 4973 taipoe
2683 4902 2850 4956 anda.-
3066 4970 3075 4981 ·
3142 4971 3152 4981 .

361 4980 400 5034 4
435 4980 668 5034 martie
703 4982 770 5034 ὀη
802 4980 1240 5035 ὑὲπάνεηιαὺπάίε
1263 4980 1439 5050 schith
1471 4980 1661 5049 istaipe
1693 4979 1806 5031 imo
1911 4983 1942 5031 5
1994 4978 2047 5032 .i.
2084 4976 2159 5029 ad
2186 4990 2451 5028 wamma
2489 4991 2538 5036 a,
2577 4972 2847 5043 adrimfem
2882 4976 2911 5023 Ἰ
2950 4968 3172 5025 doatdlz-

203 5056 329 5109 bem
367 5050 693 5141 :fuoinffstyed
708 5051 781 5119 fil
809 5051 994 5121 paula.-
