3717 5642
746 386 859 453 VI.
908 388 966 452 2.
1040 404 1513 455 consraucno
1554 404 1844 454 1³0ch
1891 407 2321 455 ann-Amnon.
2542 396 2677 455 (960.
2697 395 2815 455 959)
2879 392 3002 458 973

110 593 309 635 narum
356 571 461 635 vel
505 593 819 637 senarum.
904 572 1221 639 Versiculi
1266 577 1541 640 minores
1584 574 1898 641 interdum
1939 575 2104 641 terni
2149 576 2524 661 copulantur
2567 579 3003 661 consonantia,

112 674 255 737 sicut
296 673 367 737 in
410 672 689 759 strophis
734 673 1019 740 triadicis
1064 675 1231 761 apud
1277 672 1605 744 Cambros.
1678 676 1841 741 Item
1883 676 1951 742 in
1997 676 2396 759 carminibus,
2445 700 2606 765 quae
2645 681 3004 768 nuperrime

112 798 173 838 ex
213 796 319 839 ore
362 774 759 861 popularium
804 776 1075 841 collecta
1102 776 1301 841 edidit
1328 777 1425 841 vir
1466 778 1872 844 doctissimus
1915 776 1988 843 F.
2021 776 2111 843 M.
2155 777 2459 861 Luzel*‚
2505 780 3006 867 frequentissimi

114 886 241 941 sunt
282 876 587 943 versiculi
643 887 1009 943 octonarum
1056 878 1467 964 syllabarum,
1516 879 1823 946 rarissimi
1865 900 2256 945 novenarum
2301 881 2394 966 (p.
2439 881 2593 966 ⁶286)
2647 883 2751 947 vel
2796 894 3005 969 septe-

108 1002 309 1043 narum
368 979 461 1065 (p.
514 978 697 1062 134);
754 980 1090 1065 ampliores
1145 1001 1369 1045 versus
1426 992 1535 1045 aut
1578 982 1677 1047 bis
1722 1003 1913 1047 senas
1959 980 2290 1045 continent
2343 982 2479 1069 (pp.
2527 986 2626 1049 44.
2679 985 2815 1047 170.
2869 986 3004 1049 196.

113 1080 233 1142 266.
281 1082 438 1167 354)
480 1090 591 1144 aut
634 1088 933 1167 septenas
979 1090 1277 1168 exceptas
1322 1082 1496 1147 senis
1540 1083 1675 1170 (pp.
1724 1082 1825 1149 50.
1891 1084 2026 1147 116.
2088 1085 2227 1147 194.
2282 1086 2423 1149 210.
2481 1085 2621 1147 278.
2669 1084 2854 1167 358),
2901 1084 3002 1155 ba‘s

110 1190 393 1266 septenas
436 1182 501 1247 in
548 1206 674 1248 uno
719 1183 997 1249 carmine
1041 1184 1133 1269 (p.
1181 1184 1358 1267 272).

255 1285 659 1371 Ampliorem
713 1294 777 1353 et
830 1286 1033 1371 magis
1086 1297 1373 1350 ornatam
1426 1284 1960 1352 constructionem
2017 1285 2414 1371 stropharum
2468 1287 2814 1351 ostendunt
2865 1308 3006 1351 cum

106 1387 349 1452 comica
392 1388 671 1453 carmina
712 1397 845 1451 tum
890 1385 1237 1452 aremorica
1277 1387 1345 1451 in
1390 1387 1719 1453 codicibus
1764 1394 2033 1467 servata,
2083 1388 2202 1451 etsi
2249 1410 2376 1451 non
2419 1386 2510 1451 ita
2542 1398 2790 1454 vetusta
2834 1400 3002 1456 suut.

258 1488 339 1553 In
385 1489 731 1555 cornicis
777 1510 1027 1574 semper
1070 1499 1179 1552 aut
1222 1488 1555 1555 alternans‘
1599 1488 1918 1553 invenitur
1960 1488 2396 1567 consonantia,
2443 1509 2604 1573 quae
2649 1500 2748 1555 est
2791 1513 3005 1555 mono-

112 1588 363 1673 syllaba,
410 1600 519 1655 aut
562 1600 709 1676 post
750 1590 965 1676 plures
1007 1611 1232 1655 versus
1275 1590 1549 1671 rediens,
1596 1590 1703 1677 qui
1746 1590 1875 1676 ipsi
1918 1590 2084 1655 inter
2127 1612 2200 1654 se
2242 1590 2602 1655 concinunt.

262 1690 535 1757 Carmen
595 1692 673 1756 de
727 1691 1031 1777 passione
1086 1688 1324 1756 Christi
1386 1692 1857 1757 constructione
1919 1713 2218 1755 versuum
2271 1700 2336 1755 et
2387 1691 2790 1777 stropharum
2859 1716 3010 1759 con-

114 1795 265 1877 gruit
303 1793 441 1858 fere
497 1816 637 1859 cum
702 1792 1068 1858 hibernicis.
1182 1790 1529 1859 Continent
1591 1793 1758 1857 enim
1826 1791 2062 1877 singuli
2128 1814 2354 1857 versus
2412 1793 2564 1857 bina
2615 1793 3014 1859 hemistichia

108 1908 507 1981 septenarum
574 1892 955 1979 syllabarum
1017 1894 1185 1960 sicut
1241 1894 1307 1957 in
1370 1894 1751 1959 carminibus
1805 1892 2077 1958 vetustis
2128 1892 2474 1959 hibernicis
2532 1893 3010 1961 decurrentibus

112 2020 212 2081 per
253 1995 530 2061 disticha
582 2017 723 2059 cum
768 1995 1186 2060 consonantia
1228 1996 1660 2081 contraposita
1718 1993 1819 2059 vel
1865 1994 2244 2080 copulativa,
2291 2017 2330 2059 a
2373 1996 2602 2081 quibus
2645 1995 2763 2061 hoc
2807 1997 3010 2062 solum

110 2098 325 2179 differt,
374 2098 544 2184 quod
589 2096 883 2183 strophas
928 2096 1212 2180 singulas
1258 2098 1541 2162 efficiunt
1582 2096 1872 2183 quaterni
1918 2118 2140 2161 versus
2187 2098 2606 2161 consonantia
2648 2098 3014 2162 continuata

108 2200 373 2284 copulati
438 2198 789 2285 dupliciter.
888 2196 1181 2283 Exempli
1247 2220 1444 2263 causa
1487 2221 1771 2285 propono
1828 2196 2120 2283 strophas
2168 2198 2326 2263 duas
2373 2200 2513 2263 232.
2561 2200 2712 2279 2:33,
2774 2200 2852 2265 de
2911 2222 3012 2265 se-

110 2302 353 2387 pultura
396 2300 657 2369 Christi.

110 2460 221 2469 --—-

646 2552 731 2608 Me
760 2554 902 2624 yleve
934 2571 1003 2608 va
1039 2552 1165 2608 dous
1202 2572 1231 2606 o
1268 2554 1422 2617 karta,
1454 2555 1477 2623 ΙΙ
1503 2554 1641 2607 kaaa
1672 2571 1749 2626 90,
1786 2568 1902 2606 war
1936 2570 1993 2608 er
2024 2570 2207 2617 noenez,

642 2623 737 2677 Ma
770 2638 847 2677 me
880 2630 1019 2677 mont
1052 2623 1123 2677 da
1156 2624 1299 2677 nevel
1326 2638 1422 2677 eur
1454 2640 1551 2677 zon
1578 2624 1603 2691 1¹
1631 2641 1661 2677 o
1695 2624 1835 2677 lema
1863 2623 2048 2693 yanthi
2077 2624 2206 2678 ivsz.

104 2746 447 2799 consonantia
471 2744 764 2813 copulativa
788 2746 1121 2797 continuatur
1144 2759 1235 2811 per
1270 2744 1402 2795 hauc
1436 2744 1714 2825 stropham,
1748 2758 1853 2795 non
1889 2744 2222 2795 continuatur
2245 2744 2300 2795 in
2324 2742 2674 2810 sequentibus.
2729 2744 2828 2797 Sed
2852 2760 3018 2812 pauca

102 2824 215 2867 sunt
250 2816 483 2867 eiusdem
528 2814 781 2873 ambitus,
826 2818 1128 2867 octonarum
1172 2812 1487 2880 syllabarum
1521 2812 1578 2865 in
1612 2812 1804 2878 priore,
1850 2815 2178 2879 septenarum
2229 2812 2284 2863 in
2330 2812 2610 2892 posteriore
2647 2814 2871 2865 membro
2906 2830 3014 2866 car-

98 2886 344 3013 ωίυὶεέξῗ,
385 2889 501 2936 232.
540 2886 678 2947 388).
748 2850 807 2934 sn
858 2883 1096 2952 pluribus
1138 2884 1265 2934 sunt
1306 2884 1551 2948 septenae
1593 2880 1823 2948 syllabae
1869 2881 1924 2931 in
1961 2881 2154 2948 priore,
2191 2894 2343 2933 senae
2379 2881 2432 2933 in
2469 2882 2628 2931 altero
2665 2883 2915 2945 membro,
2951 2888 3012 2933 ut

799 3050 853 3103 E
851 3058 927 3105 tre
957 3066 1158 3133 parre-v
1190 3049 1504 3132 Pouldoeyat
1531 3050 1554 3117 ΙΙ
1585 3048 1653 3102 lm
1681 3064 1879 3120 porres
1918 3048 2144 3102 Plouare

798 3118 881 3173 Es
914 3136 1009 3174 eas
1044 3120 1281 3175 &adsentit
1310 3120 1536 3189 iaouaay
1564 3118 1587 3188 ΙΙ
1628 3136 1657 3171 o
1690 3119 1825 3173 nevel
1858 3134 1990 3171 eum
2025 3134 2182 3173 amne.

96 3244 277 3296 Rarius
316 3244 455 3295 idem
492 3243 695 3296 numeri
730 3243 919 3295 inversi
956 3246 1083 3295 sunt
1116 3244 1189 3305 (1,
1224 3244 1369 3303 272).

801 3360 1017 3413 Braoan
1050 3360 1233 3414 merc'k
1269 3359 1497 3449 dy‘entil
1491 3358 1515 3427 Ι
1544 3374 1579 3411 a
1613 3374 1678 3410 oa
1715 3358 1892 3410 drema
1926 3364 2030 3411 tro-
2033 3372 2168 3410 uar-
2171 3358 2282 3414 «Iro.

796 3428 913 3482 Eur
942 3430 1070 3500 plac
1076 3428 1184 3483 ’hile
1218 3430 1411 3483 monec-
1417 3426 1466 3480 ’h
1499 3428 1638 3491 υἱοα,
1667 3426 1692 3495 Η
1726 3425 2058 3479 ΘωεπηοίαιῚε
2089 3427 2145 3479 1ιί
2177 3426 2328 3481 hano.

90 3550 329 3618 Syllabas
364 3566 517 3603 senae
552 3551 609 3603 in
646 3552 865 3619 utroque
900 3548 1225 3602 hemistichio
1258 3550 1332 3613 (Ι,
1368 3551 1515 3613 240).

799 3667 983 3722 Eadm
1017 3668 1140 3721 virm
1176 3682 1234 3721 er
1269 3666 1435 3720 brezel
1460 3666 1482 3734 ΙΙ
1512 3666 1633 3719 lec'h
1671 3680 1727 3719 eo
1761 3664 1859 3717 red
1892 3664 1984 3718 din
2017 3666 2200 3728 monet,

802 3736 891 3791 Da
926 3736 1044 3791 bion
1077 3752 1105 3791 e
1136 3737 1291 3790 roim
1322 3752 1399 3789 me
1426 3735 1447 3801 ΙΙ
1474 3750 1559 3787 ma
1594 3732 1775 3787 domik
1810 3732 1882 3786 da
1913 3734 2092 3787 viret?

92 3858 207 3912 [tem
241 3859 377 3911 alibi
418 3862 486 3921 (2,
515 3864 633 3913 224.
668 3861 802 3919 440).
862 3856 1211 3910 Consonantia
1245 3854 1593 3923 contraposita
1626 3853 1681 3905 in
1716 3852 2058 3905 hemistichiis
2092 3854 2394 3905 octonarum
2430 3852 2749 3916 syllabarum
2784 3852 2856 3916 (1,
2883 3852 3006 3912 314)

636 3974 791 4029 Petra
826 3991 860 4028 a
893 3974 951 4026 ia
978 3973 1091 4045 qud
1121 3988 1189 4027 ar
1219 3974 1395 4027 ome?
1420 3970 1441 4039 ΙΙ
1470 3970 1587 4024 Eur
1619 3984 1786 4023 raram
1818 3970 1966 4024 meod
1998 3968 2068 4022 du
2098 3970 2330 4041 φθάσω
2363 3988 2405 4024 e.

94 4082 293 4133 Rarior-a
330 4082 461 4132 sunt
496 4094 809 4133 novenni-um
844 4077 925 4130 vel
960 4092 1197 4131 senarum
1232 4077 1543 4147 syllabarum
1581 4077 1651 4137 (2,
1687 4074 1801 4137 BD:

496 4180 577 4234 Ne
608 4181 747 4245 vina,
780 4178 961 4243 a-vad,
996 4178 1131 4232 belok
1164 4194 1235 4231 na
1266 4178 1518 4240 manac'h,
1546 4176 1568 4242 ΙΙ
1597 4173 1731 4227 laket
1765 4190 1840 4227 em
1873 4188 1967 4226 eus
2001 4190 2086 4226 ma
2119 4174 2304 4245 spered
2333 4188 2389 4228 er
2423 4173 2608 4241 plae’h.

96 4286 331 4337 {enarum
372 4284 431 4335 in
464 4282 699 4335 distichis
734 4281 830 4343 vel,
866 4285 928 4334 ut
962 4282 1103 4335 edita
1136 4284 1277 4345 sunt,
1314 4278 1625 4334 tetrastichis
1658 4280 1726 4341 (2,
1762 4280 1910 4340 4622:

893 4380 1079 4435 ,1αωὶ
1114 4400 1176 4450 pe
1206 4399 1263 4437 er
1295 4382 1425 4435 bras
1454 4398 1520 4436 vo
1547 4381 1830 4453 llplg'y'adm·
1865 4398 1968 4434 aaa
2001 4396 2131 4440 eaeo,

900 4448 979 4504 Pa
1012 4452 1124 4505 vim
1157 4402 1311 4505 :fa-ak
1343 4450 1491 4517 dove,
1520 4452 1541 4518 ΙΙ
1520 4452 1670 4521 {hay
1702 4468 1797 4505 ena
1830 4450 1890 4503 he
1918 4456 2141 4519 yarante

98 4558 307 4627 iti-opha
348 4555 575 4609 triadica
608 4557 907 4608 constructa
942 4571 971 4608 e
1008 4554 1274 4607 versiculis
1308 4558 1607 4607 octonarum
1644 4552 1964 4620 syllabarum
2001 4554 2071 4613 (1,
2109 4554 2220 4615 50)-

1110 4654 1195 4709 IIo
1228 4656 1400 4709 mabil:
1432 4655 1558 4709 salet·
1592 4672 1620 4708 c
1626 4653 1735 4707 ’hut‘
1766 4672 1801 4707 a
1835 4654 1998 4717 virez,

1112 4720 1196 4777 Me
1226 4742 1314 4777 ma
1349 4725 1459 4777 hini
1490 4741 1567 4777 me
1602 4742 1636 4776 a
1666 4723 1851 4794 yollez.

1110 4792 1281 4846 Trues
1316 4794 1469 4847 ouzin
1502 4810 1685 4845 mamm
1720 4810 1755 4844 a
1791 4792 1972 4843 druez!

100 4918 183 5041 {gn
220 4916 577 5037 invenignmr
612 4916 853 4983 strophae
889 4916 1177 4983 ampliores,
1212 4930 1345 4983 quae
1380 4914 1765 4967 consonantiam
1804 4914 2030 4965 habeant
2062 4912 2400 4963 alternantem
2437 4912 2530 4961 aut
2575 4912 2862 4975 separatam
2903 4908 3016 4975 plu-

101 5006 115 5041 i
153 5004 215 5041 us
254 5002 405 5041 versi
444 5000 527 5039 us.

202 5076 227 5101 ⁶
270 5068 915 5197 ssquiwgge'k'lael'
989 5070 1183 5122 Chants
1232 5068 1519 5137 populaires
1568 5068 1631 5121 de
1679 5068 1729 5119 la
1773 5068 1963 5120 Basse-
1985 5066 2251 5133 Bretagne.
2333 5062 2626 5125 Gmerm‘on,
2667 5063 2896 5131 premier
2933 5078 3019 5113 vo·

102 5160 229 5210 nme,
350 5156 473 5195 nen
546 5150 557 5190 Ι
673 5180 687 5194 .
