3717 5642
558 308 681 373 696
743 310 883 375 (661)
1334 306 1449 377 IV.
1496 308 1556 375 2.
1620 325 1859 375 Pmr.
1901 307 2292 379 norm-rmus
2337 328 2701 381 comem.

725 494 1072 563 Cornica
1116 518 1259 563 cum
1301 519 1519 583 praep.
1559 519 1673 583 yn:
1728 520 1817 584 yn
1855 520 2032 584 myeo
2074 500 2174 579 (in
2215 500 2442 583 medio,
2487 500 2707 587 inter),
2747 523 2835 587 yn
2874 522 3040 585 ereye
3082 499 3182 583 (in
3223 495 3504 583 medio),

552 622 641 683 yn
666 598 931 684 keryhen
974 597 1073 683 (in
1114 599 1399 680 circuitu,
1446 599 1665 684 circa),
1706 622 1794 683 yn
1820 601 2092 686 kerwyth.
2134 602 2384 689 (penes,
2417 602 2658 686 iuxta):
2700 623 2790 686 yn
2816 601 2976 665 mesk
3015 623 3254 665 cronow
3297 601 3506 683 (inter

558 698 725 784 lora)
768 698 843 764 P.
881 701 1020 782 131,
1054 701 1112 765 2.
1168 722 1257 785 yn
1294 722 1461 786 myec
1498 724 1542 785 y
1586 700 1841 787 abestely
1887 702 2086 786 (inter
2127 704 2453 789 apostolos
2497 703 2682 788 suos)
2725 704 2830 784 27,
2867 705 2920 767 1.
2976 725 3066 788 yn
3109 726 3280 787 ayan
3321 703 3506 786 myek

560 801 759 885 (inter
800 800 954 885 nos)
998 800 1081 867 D.
1120 803 1300 867 1374.
1351 824 1439 887 yn
1482 825 1624 889 aye&
1662 804 1854 889 myek,
1899 804 1976 868 In
2018 808 2152 891 ayie
2192 804 2360 889 mysk
2405 805 2600 887 (inter
2642 802 2790 889 vos)
2832 802 2910 869 R.
2947 804 3129 867 1401.
3172 802 3248 868 P.
3301 806 3402 885 75,
3443 806 3504 867 1.

554 926 643 987 yn
686 925 813 967 cres
856 926 940 966 an
983 903 1094 988 chy
1138 902 1235 986 (in
1263 904 1475 968 media
1519 904 1734 989 domo)
1780 905 1859 971 Ο.
1895 908 2080 971 2481.
2131 928 2219 991 yn
2259 926 2390 969 ores
2431 908 2686 993 almayn
2731 906 2831 990 (in
2871 904 3080 970 media
3108 902 3504 987 Germania)

554 1003 865 1071 fec-2148.
924 1026 1012 1089 yn
1052 1004 1187 1069 kres
1229 1028 1315 1069 an
1354 1020 1507 1068 wast
1548 1005 1751 1089 (circa.
1789 1008 2070 1072 medium
2113 1007 2376 1093 corpus)
2435 1007 2516 1073 D.
2554 1008 2734 1073 1889.
2799 1028 2888 1091 yn
2941 1027 3112 1089 onya
3175 1029 3261 1069 an
3315 1004 3510 1069 ebt-en

560 1106 660 1190 (in
702 1106 929 1171 mediis
970 1105 1284 1190 nubibus)
1330 1105 1408 1171 Ο.
1448 1108 1626 1171 1245.
1679 1130 1765 1192 yn
1809 1130 1978 1193 creys
2021 1131 2105 1173 an
2149 1110 2277 1189 dre,
2314 1132 2403 1195 yn
2445 1132 2582 1195 ‹tr-ys
2623 1127 2708 1174 a'n
2750 1110 2861 1175 dre
2904 1108 3002 1194 (in
3043 1106 3257 1173 media
3299 1108 3502 1191 urbe)

562 1206 641 1273 O.
686 1209 871 1273 2282.
916 1208 1098 1273 2300.
1180 1208 1361 1294 dyeth
1395 1211 1539 1292 fast
1589 1230 1699 1294 vye
1750 1231 1893 1273 rum
1949 1210 2089 1275 chal
2137 1233 2182 1295 y
2236 1234 2347 1275 noe
2395 1234 2484 1297 yn
2531 1210 2790 1296 keryhen
2835 1232 2983 1294 ‘map
3033 1210 3145 1295 yal
3199 1209 3506 1294 (miseria

559 1332 790 1395 magna
832 1319 1008 1374 esset
1047 1331 1164 1403 per
1204 1307 1435 1373 malam
1477 1332 1705 1393 meam,
1756 1334 1898 1376 eam
1943 1334 2118 1396 esse,
2165 1320 2436 1393 vestem,
2482 1312 2653 1379 circa
2693 1312 2895 1377 filium
2936 1310 3121 1395 mali)
3183 1310 3259 1375 D.
3309 1312 3509 1377 2131.

560 1436 645 1475 an
688 1411 869 1495 qnetlz
912 1435 953 1475 a
980 1412 1105 1493 fue
1142 1434 1231 1496 yn
1270 1411 1539 1497 keryhyn
1580 1412 1749 1475 ihesu
1806 1412 2083 1496 (vestem
2137 1436 2301 1499 quae
2344 1414 2464 1479 fuit
2521 1414 2692 1479 circa
2733 1412 2979 1499 Iesum)
3021 1412 3100 1478 R.
3151 1414 3340 1480 1937.
3411 1438 3509 1478 an

564 1512 787 1577 bovena
812 1563 827 1577 .
854 1563 869 1577 .
901 1563 913 1575 .
958 1534 1025 1576 ve
1061 1514 1171 1599 yth,
1212 1512 1479 1599 keryhyn
1532 1512 1847 1598 (tunicam
1887 1515 2076 1581 istam
2120 1538 2282 1601 quae
2329 1526 2429 1581 est
2471 1515 2640 1579 circa
2682 1513 2779 1598 te)
2821 1514 2899 1579 R.
2950 1514 3132 1580 1922.
3195 1514 3388 1577 hedre
3431 1536 3511 1577 vo

556 1637 646 1701 yn
695 1638 739 1701 y
776 1615 1041 1700 yerylwn
1083 1614 1263 1697 queck
1306 1614 1474 1679 ihesu
1534 1616 1867 1701 (quamdiu
1923 1618 2044 1681 erit
2087 1618 2324 1682 circum
2379 1640 2524 1683 eum
2565 1616 2767 1681 vestis
2811 1615 2899 1700 I.)
2940 1614 3018 1680 R.
3057 1616 3240 1682 1864.
3313 1615 3514 1679 hadre

561 1738 634 1780 vo
687 1738 774 1802 yn
820 1716 915 1779 the
956 1715 1225 1800 hev-wyth.
1248 1714 1476 1801 fytlzye
1514 1716 1689 1798 nefre
1730 1739 1814 1801 ny
1855 1718 2096 1802 vethyth
2151 1718 2486 1805 (quamdiu
2529 1719 2650 1783 erit
2690 1738 2890 1804 penes
2931 1727 3030 1797 te,
3072 1718 3286 1803 virga,
3335 1739 3512 1781 nun-

569 1839 761 1904 quam
806 1814 1244 1904 superaberis)
1290 1816 1371 1883 O.
1407 1820 1587 1884 1464.
1652 1818 1727 1882 In
1768 1841 1892 1903 aya
1933 1820 2201 1905 bernym
2240 1842 2285 1905 y
2327 1836 2457 1903 3⁶²⁸ss
2497 1842 2577 1883 vn
2618 1840 2868 1905 marrey
2923 1820 3155 1905 (penes
3202 1839 3318 1883 eos
3368 1828 3515 1883 erat

565 1918 749 1984 miles
804 1920 1093 2006 quidam)
1136 1919 1211 1986 P.
1253 1922 1397 2003 217,
1436 1924 1489 1985 1.
1574 1918 1680 1985 Ex
1720 1920 1821 1986 his
1867 1921 2007 1987 sine
2062 1944 2314 2009 praep:
2380 1926 2541 1985 nmlc
2579 1942 2666 1985 ov
2697 1920 2880 2005 pobel
2934 1920 3133 2005 (inter
3189 1918 3514 2007 populum

564 2020 805 2107 meum)
851 2021 929 2088 O.
967 2024 1167 2105 1594;
1220 2022 1491 2107 beneyth.
1531 2045 1592 2089 v.
1638 2044 1833 2109 supra
1873 2044 1938 2109 p.
1972 2024 2115 2088 689.

731 2128 797 2191 A
838 2124 1109 2192 formula
1152 2122 1469 2191 cambrica
1509 2146 1597 2209 yn
1638 2124 1826 2209 erbyn
1871 2122 1971 2208 (in
2017 2124 2383 2210 occursum)
2429 2123 2638 2189 differt
2680 2122 2938 2189 comica.
2979 2120 3170 2207 erbyn
3190 2170 3209 2203 ,
3253 2122 3296 2185 i.
3333 2144 3390 2187 e.
3441 2142 3517 2185 er

550 2248 720 2313 pyn,
775 2226 1201 2292 ima-omittens
1246 2225 1621 2314 pronomina
1662 2227 2041 2311 possessiva
2095 2228 2265 2291 inter
2307 2234 2635 2311 utramque
2677 2246 2934 2291 vocem:
3005 2222 3195 2309 erbyn
3237 2222 3344 2287 δεῖ
3387 2245 3517 2307 ray

559 2350 603 2413 y
630 2328 812 2392 welas
854 2350 899 2413 y
926 2330 1021 2394 eth
1064 2328 1348 2413 (obviam
1393 2324 1651 2395 Christo
1696 2328 1778 2391 ad
1823 2350 1966 2393 eum
2007 2328 2353 2394 videndum
2381 2326 2478 2391 illi
2505 2326 2789 2411 iverunt)
2830 2324 2905 2391 P.
2939 2327 3040 2407 29,
3073 2326 3131 2389 2.
3187 2344 3334 2387 mar
3361 2322 3518 2388 leena

563 2430 682 2493 den
722 2430 877 2513 nyth.
915 2452 981 2493 er
1024 2452 1115 2494 ow
1140 2430 1274 2514 syn
1316 2429 1405 2514 (si
1448 2428 1728 2514 loquitur
1770 2430 2111 2516 quisquam
2156 2430 2464 2495 adversus
2506 2429 2638 2514 me)
2680 2428 2757 2493 R.
2777 2428 2968 2507 1919.
3024 2426 3248 2511 molloJ
3274 2474 3290 2489 .
3317 2476 3369 2491 ..
3397 2442 3522 2511 1130

562 2529 822 2615 mebyn
864 2531 1255 2615 (maledictio
1300 2530 1517 2596 veniet
1561 2541 1782 2597 contra
1808 2531 1905 2615 te)
1952 2530 2025 2595 P.
2059 2533 2158 2612 66,
2195 2532 2251 2596 3.
2306 2551 2452 2593 mur
2493 2554 2534 2593 a
2579 2532 2694 2594 dne
2735 2552 2769 2594 ο
2797 2529 3104 2614 cuntullys
3147 2526 3385 2614 erybyn
3429 2544 3518 2613 3y

561 2633 843 2719 yuhu3a⁸
886 2635 1179 2718 (multum
1221 2631 1443 2721 populi
1488 2642 1623 2697 erat
1665 2641 2092 2718 congregatus
2137 2641 2360 2697 contra
2403 2654 2548 2697 eum
2589 2631 2671 2695 ad
2702 2654 2848 2697 eum
2891 2629 3357 2713 accusandum)
3405 2631 3516 2713 88,

570 2738 630 2800 4.
696 2736 966 2822 kymmys
1018 2757 1246 2819 caweys
1301 2733 1531 2821 erybyn
1587 2734 1930 2821 (quotquot.
1972 2732 2270 2799 dixerunt
2311 2732 2617 2797 adversus
2664 2733 2837 2817 eum)
2885 2734 3022 2814 100,
3059 2737 3112 2798 1.
3168 2752 3314 2795 mar
3357 2754 3518 2818 myn

570 2858 931 2923 erayanpyn
969 2860 1055 2923 ny
1097 2860 1238 2902 com
1280 2835 1371 2921 (si
1413 2836 1553 2901 vult
1596 2846 1817 2901 contra
1857 2858 1977 2900 nos
2018 2834 2246 2921 loqui),
2289 2857 2432 2899 mar
2475 2859 2516 2899 a
2545 2834 2711 2898 lenm·
2753 2835 2871 2899 den
2912 2836 3056 2919 vytk
3097 2856 3166 2900 er
3195 2856 3350 2921 ayne
3371 2858 3516 2922 pyn

560 2937 706 3021 why
750 2948 851 3001 tra
889 2939 1031 3024 vytk
1073 2937 1165 3023 (si
1204 2938 1485 3024 loquitur
1526 2937 1863 3023 quisquam
1907 2946 2128 3002 contra
2168 2958 2286 3001 vos
2331 2935 2706 3022 quidquam)
2751 2934 2833 3000 D.
2883 2937 3064 3001 1663.
3103 2936 3241 3001 180.
3313 2958 3516 3023 eraqa

556 3042 685 3123 syn
708 3089 722 3103 .
756 3089 772 3103 .
797 3088 811 3102 .
836 3062 917 3103 vn
940 3062 1051 3125 ρον
1091 3063 1177 3125 ny
1204 3040 1409 3123 leuery
1454 3037 1711 3122 (contra
1738 3059 1849 3103 eos
1892 3060 1976 3103 ne
2009 3062 2204 3103 unum
2249 3036 2504 3123 quidem
2535 3036 2800 3102 verbum
2829 3037 3263 3123 loquebatur),
3307 3059 3514 3125 παρα

570 3140 687 3224 tyn
727 3163 813 3204 na
849 3142 1115 3226 yewsyth
1169 3140 1372 3227 (quod
1426 3152 1653 3206 contra
1705 3162 1817 3207 eos
1869 3162 2002 3206 non
2046 3140 2240 3224 dicis)
2284 3136 2358 3203 P.
2401 3140 2502 3219 96,
2535 3140 2594 3203 4.
2648 3140 2785 3220 120,
2818 3140 2877 3206 2.
2975 3136 3103 3205 Pro
3159 3160 3229 3203 er
3279 3162 3512 3227 praep.

572 3263 731 3306 war:
778 3264 923 3328 may
964 3242 1127 3307 halle
1170 3244 1317 3328 days
1356 3265 1493 3306 war
1529 3267 1574 3329 y
1604 3242 1725 3327 byn
1769 3243 1873 3326 (ut
1897 3254 2121 3329 posset
2163 3242 2384 3307 venire
2430 3241 2490 3307 ei
2531 3240 2816 3324 obviam)
2863 3243 3002 3321 171,
3034 3241 3094 3306 2.

744 3341 1085 3410 Formulae
1130 3346 1424 3411 comicae
1469 3366 1617 3409 cum
1658 3366 1876 3431 praep.
1920 3368 1980 3425 a,
2020 3366 2158 3407 war
2201 3353 2352 3409 etc:
2411 3343 2602 3407 miter
2643 3342 2848 3407 abard
2888 3353 2984 3406 tat
3023 3341 3139 3429 (gl.
3185 3344 3513 3429 patmus),
3655 3340 3657 3347 ⁴

574 3442 774 3509 abarh
814 3466 983 3508 mam
1030 3444 1147 3532 (gl.
1192 3446 1597 3530 avunculus),
1640 3444 1922 3509 modereb
1964 3445 2162 3509 abarh
2203 3468 2372 3509 mam
2405 3445 2521 3531 (gl.
2551 3443 2966 3530 matertera),
3011 3444 3212 3508 abarlz
3251 3456 3347 3511 tat
3389 3444 3512 3530 (gl.

576 3546 794 3627 amita3
842 3547 886 3611 i.
921 3570 975 3613 e.
1020 3573 1063 3613 a
1105 3550 1305 3631 barth,
1352 3573 1391 3615 a
1428 3558 1611 3635 parte
1653 3546 1874 3634 patrie,
1919 3546 2170 3631 matris)
2211 3546 2370 3613 Voc.
2406 3552 2487 3612 7⁶.
2545 3573 2586 3611 a
2628 3546 2800 3631 dryff
2839 3558 2936 3611 tus
2979 3546 3051 3631 (a
3087 3556 3295 3633 terge,
3341 3546 3512 3612 clam
3655 3532 3657 3535 Α

572 3647 844 3734 populo)
887 3647 962 3715 P.
998 3652 1097 3731 79,
1127 3652 1187 3718 4.
1257 3674 1391 3715 war
1433 3650 1611 3736 lyryh
1652 3648 1849 3714 ankem
1901 3648 2083 3735 (post
2123 3648 2514 3733 aerumnam)
2570 3649 2712 3729 236,
2757 3651 2816 3713 4.
2887 3669 3025 3713 war
3077 3648 3256 3735 Iyryh
3303 3650 3514 3713 henna

575 3750 755 3836 (post
805 3749 959 3833 hoc,
1033 3754 1290 3838 postea)
1346 3755 1445 3834 91,
1490 3754 1549 3817 3.
1624 3774 1759 3816 war
1814 3750 1994 3837 lpse-912
2043 3774 2088 3835 y
2139 3751 2432 3815 arhadow
2499 3750 2879 3836 (secundum
2933 3751 3072 3816 eius
3130 3750 3507 3836 imperium)

575 3852 718 3933 247,
748 3853 807 3916 4.
861 3854 1164 3940 warleryh
1205 3854 1301 3919 tlte
1338 3854 1704 3941 queeullyow
1748 3852 2134 3935 (secundum
2175 3852 2446 3918 consilia
2487 3853 2626 3936 tua)
2675 3851 2752 3917 Ο.
2785 3852 2970 3917 2269.
3026 3874 3161 3917 war
3205 3852 3302 3915 the
3331 3852 3512 3939 lerqlz

486 3996 495 4003 -
577 3954 759 4040 (post
796 3953 894 4038 te)
944 3953 1023 4020 R.
1072 3956 1252 4021 1170.
1311 3955 1388 4022 O.
1432 3956 1613 4020 1434.
1686 3973 1822 4017 war
1867 3976 1991 4038 aya
2035 3954 2204 4040 leryh.
2261 3954 2441 4040 (post
2483 3955 2627 4039 eos)
2673 3953 2750 4019 Ο.
2788 3955 2970 4018 1641.
3047 3974 3182 4019 war
3232 3976 3275 4038 y
3325 3952 3512 4039 lyryh

572 4077 717 4119 mur
748 4079 788 4118 a
818 4056 882 4118 lu
924 4057 1105 4142 (post
1133 4080 1293 4139 eum,
1337 4057 1573 4136 Iesum,
1617 4054 1882 4119 multum
1913 4054 2218 4140 agminis)
2246 4054 2319 4119 P.
2358 4056 2497 4136 163,
2531 4058 2588 4122 3.
2647 4056 2866 4138 drqfen
2909 4078 2996 4119 an
3017 4058 3184 4119 virtu
3213 4051 3514 4140 (propter
3656 4086 3657 4089 ¹

575 4157 902 4242 virtutem)
946 4159 1046 4239 68,
1085 4161 1137 4221 1.
1200 4158 1415 4244 drefen
1442 4180 1513 4222 ov
1546 4157 1645 4221 bos
1671 4156 1848 4220 noeth,
1892 4154 2076 4241 (quia
2115 4155 2324 4221 nudus
2367 4157 2536 4242 sum)
2577 4156 2655 4222 Ο.
2689 4158 2831 4222 259.
2915 4155 3253 4222 For-mulae
3294 4156 3515 4221 aberdz

575 4258 795 4342 (intua,
826 4258 1045 4346 intra),
1089 4263 1246 4326 adro
1275 4259 1528 4345 (circa),
1572 4260 1693 4345 ay'y
1735 4258 1959 4343 (intus,
1989 4256 2189 4341 intro)
2233 4268 2508 4345 poscunt
2533 4280 2752 4345 praep.
2779 4281 2882 4343 yn,
2913 4258 3062 4321 dhe:
3105 4262 3320 4323 master
3365 4258 3514 4323 bras
3656 4304 3657 4311 κ

574 4385 617 4425 α
662 4359 829 4425 berth.
866 4384 954 4447 yn
994 4361 1146 4425 wlae
1186 4362 1487 4447 (magnus
1532 4360 1832 4427 sacerdos
1875 4360 1945 4423 in
1987 4368 2173 4439 terra,
2222 4358 2537 4447 Caiphae)
2580 4360 2654 4425 P.
2697 4362 2798 4441 89,
2837 4361 2892 4421 1.
2947 4382 2986 4423 α
3031 4358 3202 4423 berth.
3239 4381 3329 4443 yn
3375 4360 3514 4441 dre,
3656 4398 3657 4423 r

575 4462 787 4528 aberth
810 4484 900 4547 yn
928 4484 1113 4525 crows
1142 4461 1242 4545 (in
1271 4462 1529 4549 oppido,
1562 4463 1632 4527 in
1661 4460 1883 4545 cruce)
1915 4462 2013 4540 30,
2047 4462 2116 4541 33
2168 4463 2306 4541 151,
2342 4466 2396 4526 1.
2446 4463 2584 4543 185,
2623 4465 2675 4526 1.
2733 4460 2942 4525 abeo-th
2979 4483 3066 4545 yn
3097 4459 3247 4541 beth,
3295 4460 3516 4525 oberth

571 4588 657 4652 yn
688 4564 882 4649 beytlz,
928 4564 1074 4629 aber
1111 4587 1199 4649 yn
1232 4563 1364 4629 beth
1408 4564 1508 4650 (in
1537 4561 1927 4650 sepulcrum)
1973 4561 2048 4626 R.
2082 4562 2224 4627 311.
2260 4563 2443 4629 2083.
2475 4563 2662 4628 2108.
2717 4561 2931 4625 αόενιῖι
2967 4584 3054 4647 yn
3099 4560 3234 4625 beth.
3275 4560 3379 4645 (in
3409 4584 3514 4629 se-

574 4665 828 4754 pulcro)
884 4664 963 4730 R.
996 4669 1142 4732 514.
1205 4692 1291 4733 an
1332 4684 1566 4753 eJewon
1596 4664 1777 4729 -debel
1816 4681 1889 4748 3e
1929 4662 2077 4729 ΙΙιᾶε
2120 4687 2282 4729 esem
2325 4690 2368 4730 a
2409 4666 2523 4728 dro
2581 4662 2834 4747 (Iudaei
2875 4663 3026 4727 mali
3069 4663 3244 4729 circa
3285 4662 3512 4729 Iesum

579 4766 789 4850 erant)
834 4763 908 4833 P.
948 4769 1087 4851 140,
1118 4772 1179 4837 4.
1246 4794 1287 4834 a
1330 4772 1443 4833 dro
1483 4783 1564 4854 3y
1603 4762 1771 4855 yorff
1802 4790 1847 4853 y
1877 4767 2109 4851 trylyae
2149 4767 2389 4829 sendall
2429 4766 2634 4850 (circa
2675 4786 2906 4851 corpus
2951 4765 3090 4831 eius
3128 4764 3338 4831 volvit
3377 4767 3514 4833 ein—
3656 4844 3657 4847 Ἴ

580 4867 839 4954 donem)
871 4870 1018 4952 232,
1052 4872 1110 4937 3.
1166 4872 1347 4955 queck
1374 4893 1475 4937 esa
1504 4897 1545 4938 a
1575 4872 1689 4936 dro
1714 4886 1865 4957 3030
1896 4867 2220 4953 (velamen
2249 4878 2384 4933 erat
2411 4868 2586 4933 circa
2614 4864 2787 4950 eum)
2823 4867 2968 4947 140,
3003 4868 3062 4931 3.
3119 4867 3278 4931 adro
3309 4868 3513 4931 thoma

580 4972 785 5055 (circa
813 4972 985 5057 eum)
1018 4971 1096 5038 O.
1128 4973 1312 5039 2101.
1346 4974 1531 5039 2500.
1588 4974 1743 5039 adro
1774 4972 1975 5055 thethy
2019 4969 2222 5054 (circa
2252 4954 2421 5053 caui)
2467 4968 2544 5035 O.
2580 4969 2724 5031 778.
2779 4990 2901 5055 aqy
2943 4968 3082 5032 then
3119 4978 3224 5053 yet
3254 4989 3374 5053 9⁰²·
3415 4970 3514 5034 tha
3656 4952 3657 4955 Ἴ

582 5072 693 5139 ben
735 5074 935 5158 (intra
973 5083 1218 5161 portam
1259 5096 1430 5159 pone
1474 5086 1666 5163 caput
1705 5070 1932 5155 tuum),
1979 5082 2188 5156 tryyye
2231 5058 2352 5155 aqy
2393 5071 2554 5134 theth
2592 5069 2745 5133 wlae
2786 5069 3095 5154 (moratus
3137 5069 3206 5133 in
3247 5069 3514 5155 regione
