3717 5642
687 380 812 450 m.
857 381 918 448 2.
983 399 1186 450 vnum
1227 399 1406 450 sm.
1449 401 1707 451 passm
1748 401 1980 452 raus.
2024 403 2113 452 ιιι·
2154 403 2309 452 rur.
2352 403 2537 454 mm.
2625 387 2766 452 (52³.
2791 391 2913 452 ⁶24)
2982 389 3105 454 529

202 566 410 634 tertiae
452 589 797 654 personae,
855 592 1018 656 quae
1058 589 1176 658 per
1217 570 1756 642 constructionem
1797 571 2291 660 impersonalem
2346 571 2581 640 additis
2622 573 3103 662 pronominibus

197 670 395 736 infixis
440 679 690 738 ceteras
735 693 988 760 quoque
1027 693 1338 760 personas
1384 672 1706 760 significat
1735 672 1875 760 (pp.
1906 676 2051 739 411.
2084 674 2259 759 482).
2346 673 2618 743 Formae
2661 699 2779 764 per
2820 687 3107 764 tempora

195 772 298 840 hae
343 785 497 843 sunt
537 774 916 842 cambricae.

1227 944 1616 1032 Tempora
1655 944 2052 1031 primaria.

785 1077 1006 1146 Praes.
1049 1079 1181 1144 ind.
1585 1078 1772 1147 Coni.
2182 1081 2389 1148 Praet.

739 1199 900 1263 cet-ir
942 1199 1252 1282 (oarawr)
1585 1221 1765 1265 carer
2195 1213 2391 1266 carot.

1174 1366 1410 1454 Temp
1429 1389 1562 1434 ora
1603 1368 2105 1436 secundaria·

735 1487 886 1554 oen‘t
2181 1493 2457 1555 carmeit.

1239 1739 1622 1827 Tempora
1662 1740 2061 1829 primaria.

1175 1874 1588 1942 Praesens
1633 1887 1708 1942 et
1745 1875 2114 1944 futurum.

351 1989 660 2060 Confusio
705 1994 928 2061 eadem
985 2019 1148 2083 quae
1193 1996 1260 2060 in
1303 1995 1513 2060 activo
1556 2004 1909 2082 temporum
1930 2047 1946 2080 ,
2006 1998 2364 2084 praesentis
2407 2005 2471 2063 et
2509 1995 2732 2078 futuri,
2786 1996 3107 2062 invenitur

198 2091 314 2157 iam
367 2095 434 2160 in
475 2094 660 2162 libris
713 2097 1189 2165 vetustioribus.
1288 2095 1503 2179 Quare
1549 2097 1895 2164 discrimen
1952 2122 2082 2164 non
2124 2107 2407 2165 statuunt
2450 2098 2926 2164 terminationes
2978 2101 3107 2165 nisi

199 2195 542 2280 modorum,
597 2197 931 2265 indicativi
973 2199 1065 2264 -ir
1111 2199 1332 2284 (-oewr)
1377 2209 1442 2264 et
1482 2200 1840 2285 praesentis
1886 2209 1951 2266 et
1990 2199 2211 2282 futuri,
2258 2221 2357 2265 -er
2399 2201 2811 2267 coniunctivi.
2912 2201 3106 2270 Com-

199 2317 344 2380 pare
385 2296 492 2364 hic
536 2301 830 2388 exempla
850 2301 1198 2387 ·utriusque
1239 2301 1723 2367 terminationis.

355 2397 596 2468 Gamb
608 2425 659 2467 r.
702 2403 834 2469 ind.
879 2402 975 2470 IR
1031 2401 1354 2488 (inficiens
1398 2403 1885 2489 praecedentem
1930 2399 2029 2486 a):
2106 2425 2189 2488 ny
2242 2403 2586 2468 rithreitkir
2634 2405 2679 2490 3⁶(
2734 2407 2897 2470 remit
2946 2407 3106 2492 (non

199 2501 616 2568 enuntiabitur
655 2505 954 2590 lascivo),
1002 2502 1088 2590 ny
1131 2503 1340 2568 chenir
1384 2495 1612 2591 buyeid
1651 2505 1811 2589 arffo
1853 2503 2013 2588 (non
2041 2512 2305 2569 canetur
2330 2504 2601 2591 hymnus
2644 2507 2712 2571 in
2740 2504 2923 2592 fuga)
2968 2506 3104 2574 CN.

201 2621 380 2668 carm.
409 2603 468 2670 2.
537 2602 791 2693 Hyueid
827 2605 929 2670 hir
971 2601 1244 2695 emnyqir
1293 2617 1394 2670 bra
1435 2627 1508 2670 vo
1549 2605 1830 2670 kerdawr
1872 2603 1988 2690 (H.
2034 2603 2095 2670 h.
2144 2605 2595 2690 celebrabitur,
2654 2609 2953 2694 quamdiu
2998 2633 3108 2676 ex-

197 2705 348 2772 tabit
393 2705 671 2794 fidicen)
727 2709 857 2774 An.
913 2731 976 2796 p.
1019 2709 1120 2772 64.
1210 2719 1342 2794 teyr
1393 2707 1595 2791 forda
1660 2728 1893 2793 eserqyr
1950 2727 2287 2792 eurenynes
2331 2757 2387 2774 ..
2421 2758 2435 2773 .
2485 2711 2851 2774 atrederran
2903 2723 3111 2776 saraet

198 2806 446 2893 ebo-esaya
503 2809 704 2895 atelw-
749 2807 920 2895 ydhy
974 2807 1210 2894 (taribus
1262 2807 1471 2874 modis
1537 2807 1922 2875 contumelia
1972 2807 2245 2875 afficitur
2294 2809 2542 2897 regina,
2601 2819 2666 2875 et
2717 2807 2904 2876 tertia
2954 2834 3105 2898 pars

197 2909 608 2977 contumeliae
647 2911 820 2997 regis
863 2909 1164 2997 penditur
1189 2909 1316 2994 illi)
1358 2909 1517 2996 Leg.
1553 2912 1606 2992 1,
1639 2910 1698 2992 3,
1735 2914 1786 2974 1.
1843 2910 2032 2975 altene
2072 2910 2323 2998 aelyuyr
2358 2911 2639 2999 yoskortlt
2676 2936 2707 2976 e
2737 2911 2966 2998 brenyn
3010 2914 3109 2998 (et

199 3008 258 3075 hi
298 3021 608 3078 vocantur
649 3010 988 3079 comitatus
1030 3013 1234 3100 regis)
1276 3014 1351 3096 ,1,
1392 3013 1451 3093 4,
1498 3013 1554 3075 1.
1617 3011 1724 3074 val
1762 3011 1889 3096 hyn
1930 3033 1997 3076 er
2036 3033 2300 3098 rennyr,
2352 3014 2459 3077 val
2511 3014 2635 3099 hyn
2679 3035 2895 3099 erenyr
2954 3013 3107 3098 (hoc

191 3113 366 3180 modo
417 3113 752 3196 dividitur,
807 3111 1154 3198 dividetur)
1207 3115 1266 3196 2,
1314 3116 1368 3194 1,
1409 3114 1472 3177 4.
1515 3115 1573 3178 5.
1658 3133 1722 3176 os
1773 3135 1846 3177 en
1892 3135 2126 3200 vor-ayn
2168 3115 2390 3200 erodyr
2452 3114 2539 3200 (si
2596 3115 2743 3179 data
2795 3114 2987 3181 fuerit
3037 3127 3107 3180 ut

195 3213 394 3301 virgo)
437 3217 498 3298 2,
536 3219 590 3299 1,
625 3218 682 3282 9.
747 3237 790 3300 y
832 3215 1102 3300 ohwedyl
1139 3214 1276 3280 Ῑιωη
1319 3213 1532 3278 aelcoir
1573 3213 1841 3300 chwedyl
1876 3215 2087 3278 iarlles
2142 3237 2186 3300 y
2210 3215 2544 3300 ffynman
2596 3215 2903 3299 (narratio
2948 3216 3107 3283 haec
3230 3289 3243 3300 ,

193 3327 448 3382 vocatur
505 3317 784 3383 narratio
829 3316 1196 3384 comitissae
1237 3315 1566 3400 fontanae)
1621 3315 1796 3384 Mab.
1833 3319 1889 3399 1,
1922 3317 2022 3383 38.
2099 3317 2309 3381 iarlles
2360 3339 2403 3402 y
2427 3318 2760 3403 ffynnawn
2808 3341 2853 3404 y
2892 3319 3107 3406 θρῖα-ὡ·

194 3416 548 3499 (comitissa
585 3419 887 3486 fontanae
932 3420 1224 3505 vocatur)
1274 3421 1620 3504 1‚17.ny
1662 3418 1820 3482 helir
1861 3415 2051 3481 twrcle.
2092 3419 2313 3503 trmgstlz
2353 3421 2496 3504 vyth
2538 3419 2789 3483 hebdam
2831 3420 2991 3505 (non
3032 3421 3107 3484 fit

191 3543 458 3606 unquam
499 3521 755 3588 venatio
800 3520 874 3587 T.
917 3519 992 3586 T.
1037 3521 1178 3586 sine
1223 3521 1331 3606 eo)
1376 3522 1435 3602 2,
1480 3521 1623 3586 226.
1705 3541 1778 3584 or
1815 3522 2073 3604 mynm'r
2114 3541 2193 3604 vy
2231 3531 2423 3606 nyuot
2463 3519 2553 3606 (si
2595 3521 2955 3608 postulatur
2994 3545 3105 3587 ve-

189 3621 316 3688 nire
352 3622 487 3706 me)
536 3625 590 3704 1,
623 3623 766 3688 250.
827 3622 1052 3708 ywreic
1088 3644 1132 3708 y
1155 3622 1340 3710 yellir
1383 3619 1666 3708 dyoeoedut
1707 3621 1806 3684 idi
1838 3641 1884 3704 y
1914 3617 2012 3684 bot
2049 3641 2136 3706 yn
2166 3621 2398 3706 deckaf
2426 3645 2497 3685 or
2519 3624 2813 3709 Wayed
2851 3622 3106 3707 (mulier

191 3723 261 3790 de
291 3748 419 3812 qua
455 3732 673 3812 potest
700 3723 846 3806 dici,
893 3745 1035 3789 eam
1078 3745 1224 3791 esse
1267 3723 1792 3791 formosissimam
1820 3719 2184 3805 mulierum)
2218 3723 2407 3805 1,17.
2460 3743 2579 3808 ony
2608 3723 2972 3790 chennetteir
3016 3725 3105 3810 (si

189 3848 306 3892 non
359 3826 659 3908 mittitur-3
715 3823 1075 3911 cennaoeau)
1134 3827 1191 3908 2,
1235 3826 1378 3892 218.
1481 3823 1764 3890 Eaedem
1811 3823 2049 3889 formae
2117 3845 2261 3888 cum
2321 3823 2801 3911 pronominibus
2856 3825 3099 3891 infixis.

181 3931 444 4012 per-edm·
483 3927 610 3993 nab
649 3927 878 4012 efiawc
918 3947 1028 4012 ψη
1065 3927 1282 4015 qelwir
1323 3929 1351 3991 i
1389 3926 1496 4013 (P.
1525 3927 1696 3993 filius
1725 3925 1803 3992 E.
1848 3947 2045 3992 vocor
2076 3924 2247 4011 ego),
2287 3925 2647 4012 qwalclzmei
2680 3946 2787 4010 ψη
2824 3927 3040 4013 yelwir
3079 3929 3109 3990 i

189 4029 290 4112 (G.
335 4027 568 4115 vocor)
617 4032 671 4111 1,
701 4028 846 4094 261.
913 4027 1128 4114 Etlym
1166 4028 1390 4116 qledgf
1425 4030 1565 4094 coc-k
1601 4051 1708 4114 ym
1745 4027 1961 4115 yelwir
2002 4025 2111 4111 (E.
2144 4025 2340 4113 gladii
2380 4027 2553 4092 rubri
2596 4027 2822 4112 vocor)
2872 4031 2927 4110 1,
2960 4029 3102 4094 276.

195 4131 381 4198 idm
423 4131 578 4196 cord
607 4129 877 4218 mdes'n
913 4150 1022 4215 ψη
1044 4129 1276 4216 yelwir.
1321 4130 1404 4194 Ιια
1431 4129 1666 4194 vnberm
1710 4129 1820 4194 heb
1855 4151 1901 4215 y
1928 4129 2219 4215 ronabwy
2248 4137 2513 4214 paystyr
2546 4129 2655 4214 yth
2698 4129 2869 4191 elwir
2897 4129 3103 4193 ditheu

189 4235 334 4320 celly
375 4234 508 4320 (Id.
552 4255 607 4299 c.
650 4229 812 4297 Brit.
855 4251 1072 4298 vocor.
1119 4228 1178 4297 Ο
1219 4229 1557 4318 princeps,
1605 4229 1767 4296 dixit
1806 4229 1916 4312 R„
1982 4251 2107 4317 qua
2166 4231 2245 4297 de
2288 4249 2485 4296 causa
2534 4239 2605 4295 tu
2644 4230 2899 4296 vocaris
2943 4231 3103 4314 ita?)

201 4336 252 4417 2,
280 4339 428 4403 375.
491 4334 646 4422 nyth
682 4333 948 4419 ellynyir
989 4331 1062 4396 di
1095 4353 1139 4419 y
1181 4353 1384 4418 mywn
1428 4331 1589 4418 (non
1631 4332 2070 4399 inti-emitteris
2111 4333 2211 4418 tu)
2254 4333 2318 4416 2,
2354 4333 2497 4397 202.

341 4437 582 4506 Rarior
605 4432 964 4501 terminatio
992 4429 1183 4500 AUR
1209 4431 1505 4519 (AWR)‚
1555 4433 1636 4499 de
1669 4455 1796 4520 qua
1835 4443 2009 4500 tacet
2032 4433 2298 4516 Davies,
2344 4433 2515 4520 apud
2545 4431 2766 4500 Owen.
2811 4433 3101 4518 (gramm.

189 4559 242 4622 p.
273 4539 430 4626 112)
485 4537 693 4604 futuro
735 4535 1000 4618 tributa,
1060 4533 1328 4600 forsitan
1377 4543 1630 4600 vetusto
1677 4535 1967 4622 exemplo
2012 4535 2313 4603 illustrari
2366 4535 2579 4622 possit
2632 4557 2668 4599 e
2713 4557 2902 4602 carm.
2950 4534 3099 4603 Cb..

188 4643 247 4702 ιιι·
278 4660 650 4728 quor-cosam
691 4637 1123 4702 nemkeemaur
1148 4636 1372 4700 kenoid
1412 4636 1574 4721 (non
1601 4658 1834 4722 magna
1879 4625 2153 4703 societas
2193 4636 2353 4702 mihi
2383 4638 2679 4722 iungetur
2717 4637 2837 4702 hac
2864 4638 3103 4723 nocte).

341 4742 538 4811 Coni.
581 4737 704 4804 ER
764 4739 925 4823 (non
967 4737 1260 4803 inficiens
1303 4737 1618 4816 vocalem,
1669 4737 1989 4803 interdum
2032 4749 2286 4804 mutans
2332 4759 2671 4804 consonam
2716 4746 2786 4802 ut
2824 4761 2888 4824 p.
2914 4741 3100 4824 512);

187 4847 373 4930 quedy
413 4863 619 4932 yanev
652 4839 830 4906 emab
871 4839 1236 4926 (postquam
1279 4849 1466 4904 natus
1512 4839 1703 4904 fuerit
1738 4838 1942 4924 filius)
1983 4839 2137 4924 Leg.
2171 4841 2229 4922 2,
2266 4843 2320 4922 1,
2353 4841 2451 4904 34.
2497 4861 2695 4926 pop(
2669 4841 2779 4902 din
2821 4843 3105 4905 auedeter

191 4943 506 5032 (quisquis
551 4941 746 5009 fuerit
785 4940 1180 5028 baptizatus)
1223 4941 1281 5022 2,
1326 4942 1383 5022 7,
1425 4941 1484 5004 4.
1549 4941 1623 5003 πί
1659 4941 1901 5028 aquwn
1940 4963 1984 5025 y
2026 4941 2181 5025 kyrn
2220 4965 2349 5026 pan
2390 4963 2602 5027 yaner.
2662 4963 2737 5004 ac
2780 4941 3021 5025 aylywn
3059 4965 3104 5028 y

187 5067 300 5110 eoeu
349 5069 490 5133 pun
541 5046 828 5131 ellynqer.
899 5043 1110 5129 aphau
1152 5043 1512 5106 declareuont
1570 5043 1692 5105 alw
1743 5040 2109 5124 (audiemus
2164 5063 2433 5124 cornua,
2492 5063 2633 5107 cum
2690 5051 2980 5122 canetur,
3040 5053 3105 5108 et

315 5166 511 5232 ztan,
543 5181 758 5220 οιΑ-ιι.
801 5179 956 5216 osu.
1025 5159 1119 5240 Ed.
1159 5160 1220 5212 11.
2628 5163 2693 5214 34
