3717 5642
571 353 696 418 576
1472 351 1596 419 m.
1643 353 1702 420 2.
1767 370 1990 418 vnum
2032 370 2211 420 nm.
2252 369 2604 420 Axonam.

554 539 740 622 tatis)
784 537 861 605 R.
894 541 1038 605 719.
1125 538 1188 604 b.
1237 561 1320 602 vn
1361 539 1543 624 deyth.
1585 563 1626 602 a
1670 537 1810 604 thue
1845 539 2043 626 yredy
2082 562 2231 606 man
2262 540 2581 625 taluetlwf
2606 540 2667 604 ol
2692 537 2934 625 tkywky
2976 537 3149 622 (dies
3180 536 3493 624 quaedam

554 642 771 707 veniet
813 653 1017 722 certo,
1081 662 1209 727 qua
1249 638 1317 705 id
1359 639 1706 726 rependam
1747 664 1937 708 omne
1982 641 2199 726 vobis)
2254 641 2337 707 D.
2371 643 2515 708 269.
2612 643 2673 708 3.
2717 662 2887 727 pers.
2940 638 3491 726 (frequentissima

559 742 781 808 eadem
837 742 907 807 in
968 741 1442 808 constructione
1498 742 1969 830 impersonali):
2045 765 2103 808 a.
2156 765 2263 828 my
2313 744 2579 828 anasyth
2632 743 2851 828 dysooy
2912 740 3293 827 (agnoscam
3344 740 3489 820 tibi3

559 845 793 910 cambr.
839 843 1165 931 adnabyd)
1211 843 1288 910 O.
1326 845 1504 910 1788.
1571 867 1668 909 me
1707 869 1750 910 a
1789 844 2202 931 wo(r)thvyth,
2246 844 2535 929 (sciam),
2592 857 2657 930 ty
2699 868 2784 908 an
2820 843 3109 930 qotlwyth.
3150 841 3353 928 (scies
3392 839 3491 926 id)

555 943 639 1011 D.
683 946 784 1012 63.
817 945 960 1010 849.
1033 967 1128 1010 me
1171 970 1212 1010 a
1256 968 1379 1031 vyn
1419 967 1548 1010 mos
1591 947 1686 1011 the
1727 969 1913 1032 vyras
1952 947 2075 1034 hay
2118 971 2158 1012 a
2200 947 2495 1034 wothsytk
2550 945 2729 1031 (volo
2770 945 2865 1011 ire
2904 945 3113 1010 visum
3158 955 3224 1012 et
3265 944 3495 1030 sciam)

555 1046 636 1113 O.
685 1047 865 1112 1400.
929 1069 1010 1134 ay
1060 1047 1210 1131 fmt
1259 1050 1342 1132 hy
1393 1070 1510 1133 nep
1553 1049 1801 1133 theppro
1855 1071 1899 1112 a
1938 1049 2175 1134 wovyth
2218 1049 2383 1134 coeyl
2436 1073 2518 1112 an
2576 1059 2671 1112 tas
2724 1047 2839 1132 (de
2892 1045 3068 1113 illius
3122 1047 3335 1113 fructu
3384 1046 3495 1132 qui

563 1148 784 1232 ederit,
831 1149 995 1216 sciet
1023 1150 1358 1216 consilium
1389 1149 1624 1236 patris)
1656 1148 1733 1215 O.
1773 1150 1912 1215 188.
1976 1173 2020 1235 y
2046 1151 2361 1236 whyrvytlz
2404 1173 2489 1213 cm
2518 1160 2767 1236 tyrmyn
2796 1149 2940 1234 (fiet
2964 1148 3248 1235 tempus)
3282 1146 3361 1213 O.
3394 1150 3497 1213 45.

553 1276 641 1339 yn
691 1253 854 1318 della
907 1273 1048 1316 mar
1099 1276 1142 1316 a
1195 1251 1498 1336 wkyefeth
1551 1251 1706 1335 (hoc
1747 1250 1936 1318 modo
1992 1253 2048 1317 si
2095 1249 2379 1334 eveniet)
2436 1249 2509 1316 R.
2550 1251 2695 1316 347.
2795 1252 2855 1317 b.
2918 1251 2991 1334 ef
3024 1274 3065 1314 a
3108 1249 3363 1335 dalvytlz
3402 1253 3499 1334 ’με

556 1355 696 1440 (ille
740 1353 1054 1442 rependet
1097 1352 1246 1438 tibi)
1289 1352 1364 1418 P.
1401 1355 1539 1433 115,
1573 1354 1634 1418 4.
1700 1377 1784 1439 ny
1827 1355 2087 1442 daluyth.
2130 1355 2307 1419 bram
2351 1354 2513 1438 (non
2552 1352 2793 1419 valebit
2830 1350 3149 1438 peditum)
3190 1350 3274 1416 D.
3308 1351 3497 1418 3078.

558 1478 664 1543 my
707 1481 792 1520 cm
834 1457 1076 1541 talvytk
1118 1456 1350 1541 thyuqk
1393 1454 1770 1540 (rependam
1811 1455 1881 1520 id
1906 1456 2127 1542 vobis)
2160 1455 2240 1522 O.
2274 1456 2458 1521 2387.
2524 1457 2599 1540 ef
2628 1456 2737 1519 ath
2764 1454 3025 1538 carvyth
3068 1453 3337 1537 (amabit
3380 1453 3497 1538 te),

558 1558 722 1621 theth
771 1558 1048 1622 lauarow
1098 1580 1142 1642 y
1184 1556 1394 1621 lav-esen
1435 1558 1558 1642 hay
1599 1557 1708 1622 ath
1747 1559 2007 1642 σαν-τιμὴ
2050 1558 2289 1644 bynary
2330 1558 2577 1641 (verbis
2619 1557 2749 1622 tuis
2796 1555 3129 1621 credamus
3188 1565 3251 1620 et
3294 1578 3501 1642 usque

557 1667 621 1723 te
665 1657 1042 1744 amabimus)
1087 1658 1169 1724 D.
1207 1660 1388 1724 1846.
1423 1659 1608 1724 2872.
1673 1680 1767 1722 me
1805 1683 1891 1723 an
1932 1662 2196 1744 caruyth
2239 1660 2495 1746 (amabo
2528 1660 2704 1745 eum)
2733 1659 2817 1725 D.
2856 1659 3037 1724 1703.
3092 1681 3176 1742 ny
3206 1681 3293 1722 an
3316 1657 3503 1742 φημὶ-

559 1761 720 1846 vytk,
771 1761 908 1846 why
952 1784 1038 1823 an
1061 1761 1372 1846 stylo-yth,
1415 1783 1512 1846 wy
1554 1783 1658 1824 am
1695 1761 2005 1847 ywylvyth
2049 1761 2441 1846 (videbimus
2486 1762 2583 1844 id,
2626 1761 2929 1829 videbitis
2974 1783 3148 1842 eum,
3194 1759 3501 1826 videbitis

559 1864 696 1945 me)
741 1861 817 1927 R.
849 1864 950 1928 53.
993 1859 1080 1926 D.
1116 1861 1297 1926 1332.
1338 1861 1415 1927 P.
1461 1863 1561 1943 93,
1595 1864 1655 1926 4.
1725 1875 1790 1947 ty
1832 1887 1875 1926 a
1916 1864 2174 1949 wyljjytk
2215 1862 2531 1949 (videbis)
2590 1864 2668 1931 Ο.
2714 1865 2857 1928 716.
2902 1864 3049 1928 827.
3097 1861 3281 1928 1449.
3346 1861 3431 1945 es
3460 1884 3503 1924 a

559 1964 832 2050 wylfyth,
877 1965 1014 2048 why
1056 1986 1096 2027 a
1138 1964 1437 2048 whylsytla
1479 1963 1772 2049 (videbit,
1805 1964 2138 2050 videbitis)
2182 1965 2259 2030 R.
2290 1967 2477 2036 2384.
2505 1967 2590 2034 D.
2624 1967 2809 2032 2208.
2856 1978 2921 2050 ty
2965 1989 3007 2030 a
3046 1963 3328 2048 welfyetlt
3370 1963 3507 2046 (vi-

563 2064 777 2151 debis)
825 2064 902 2131 0.
938 2065 1080 2130 790.
1135 2077 1192 2129 te
1233 2089 1320 2130 an
1351 2066 1658 2151 prem-yth
1704 2065 1802 2150 (id
1839 2067 2137 2150 redimes,
2182 2068 2355 2154 lues)
2398 2066 2470 2134 P.
2510 2071 2652 2152 155,
2685 2069 2745 2133 2.
2812 2090 2857 2152 y
2900 2093 2941 2132 α
2970 2065 3281 2151 dreylfytlt
3322 2064 3507 2150 (ver-

561 2165 802 2250 tentur)
849 2165 928 2232 O.
967 2167 1148 2233 1817.
1213 2189 1356 2234 mar
1399 2168 1685 2253 clewvytlz
1729 2190 1895 2255 ayan
1932 2192 2143 2255 qum-y
2185 2170 2276 2254 (si
2320 2170 2537 2236 audiet
2575 2169 2793 2235 ludum
2836 2167 3153 2252 nostrum)
3200 2165 3277 2232 Ο.
3310 2167 3507 2230 2134.

555 2289 831 2355 pepenay
887 2290 961 2333 vo
1003 2293 1087 2332 an
1131 2267 1310 2334 barth
1351 2292 1484 2356 wyr
1535 2292 1578 2334 a
1617 2269 1886 2356 clenfytla
1928 2291 1999 2334 ου
2042 2291 2187 2354 voye
2227 2271 2550 2358 (quisquis
2596 2283 2697 2337 est
2738 2293 2781 2336 a
2817 2281 3001 2358 parte
3040 2291 3227 2348 vera,
3282 2267 3511 2334 audiet

563 2391 769 2434 meam
809 2371 1070 2456 vocem)
1113 2371 1195 2436 D.
1229 2371 1414 2436 2026.
1479 2393 1575 2456 wy
1619 2394 1660 2434 a
1697 2372 1957 2458 qlewytlz
1997 2371 2333 2457 (audietis)
2377 2371 2453 2438 P.
2489 2373 2627 2455 132,
2658 2375 2719 2439 4.

736 2469 923 2540 Coni.
983 2473 1144 2558 sing.
1205 2476 1258 2537 1.
1303 2495 1504 2559 pers.:
1564 2496 1620 2538 a.
1675 2494 1818 2536 mar
1866 2495 2009 2538 scon
2063 2475 2163 2538 del
2214 2474 2449 2559 thyffyf
2494 2475 2697 2539 thotho
2768 2474 3071 2560 (simulac
3124 2493 3359 2538 venero
3424 2471 3511 2538 ad

565 2574 737 2658 eum)
789 2572 872 2638 D.
916 2576 1059 2640 973.
1146 2575 1208 2640 b.
1263 2597 1392 2660 pan
1449 2575 1707 2660 clewsgf
1748 2597 1826 2660 vy
1884 2599 1971 2640 an
2024 2589 2133 2640 tom
2176 2588 2284 2662 tyn
2327 2574 2506 2660 (cum
2550 2599 2811 2645 sensero
2852 2578 3073 2664 ignem
3114 2574 3355 2659 acrem)
3426 2573 3511 2642 Ο.

570 2677 750 2742 1351.
841 2677 898 2740 2.
942 2697 1148 2761 pers.:
1195 2699 1234 2741 a
1290 2699 1424 2762 pan
1466 2677 1637 2761 dgffy
1677 2687 1774 2759 ’,τε
1811 2697 1949 2759 pow
2006 2675 2186 2762 (cum
2228 2679 2481 2745 veneris
2524 2679 2593 2745 in
2634 2679 2957 2766 regionem
3001 2673 3320 2761 tuam),P.
3358 2678 3510 2760 193,

567 2778 626 2844 2.
707 2778 768 2842 ol
809 2801 894 2842 an
939 2789 1039 2863 tyr
1094 2803 1177 2844 an
1222 2777 1426 2864 bwyfy
1481 2777 1718 2863 (omnis
1761 2787 1935 2844 terra
1984 2802 2172 2866 quam
2213 2780 2615 2868 possidebis)
2674 2780 2753 2847 O.
2796 2782 2941 2847 581.
3018 2781 3290 2844 lowenna
3334 2779 3515 2844 telcca

561 2879 777 2967 qothfy
815 2881 986 2944 ihesu
1014 2902 1088 2945 ου
1117 2900 1267 2963 map
1293 2879 1687 2945 lcevarwoutk
1727 2880 1953 2968 (quam
1988 2882 2119 2949 scis
2159 2881 2527 2963 laetissime,
2570 2881 3009 2969 pulcherrime,
3054 2881 3269 2948 Iesum
3296 2879 3517 2946 filium

565 3004 778 3048 meum
818 2982 1115 3066 institue)
1154 2981 1236 3047 D.
1284 2983 1465 3047 1042.
1543 2991 1606 3068 ty
1645 2987 1850 3069 yynef
1878 2983 2207 3070 sollathytk
2245 2985 2567 3070 yothsytlty
2602 3007 2803 3072 qryqy
2841 3005 2931 3070 yn
2954 2987 3072 3066 fae
3113 2983 3214 3068 (tu
3252 3003 3513 3048 mecum

567 3081 802 3154 dudum
829 3093 902 3151 ut
927 3085 1130 3152 scires
1160 3084 1420 3151 credere
1449 3083 1644 3168 bene)
1673 3084 1751 3150 R.
1783 3087 1971 3152 2381.
2058 3087 2117 3152 3.
2150 3107 2347 3172 pers.=
2392 3107 2449 3150 a.
2492 3105 2625 3168 pan
2657 3086 2823 3170 dgffo
2860 3108 2950 3171 yn
2990 3107 3081 3150 ow
3104 3085 3280 3172 yoloo
3321 3084 3513 3170 (cum

569 3186 816 3252 venerit
855 3186 924 3252 in
969 3201 1386 3269 conspectum
1426 3186 1665 3271 meum)
1710 3185 1788 3252 R.
1833 3188 1978 3251 964.
2044 3187 2273 3252 abanec
2314 3209 2357 3253 α
2398 3187 2576 3271 theffo
2618 3184 3015 3273 (quicunqne
3053 3186 3271 3252 veniet
3314 3207 3353 3252 e
3378 3187 3511 3272 te),

569 3287 732 3374 haya
756 3288 997 3374 fleyhys
1039 3313 1080 3353 a
1117 3288 1292 3373 theffo
1337 3289 1550 3352 anetho
1578 3311 1624 3376 y
1667 3285 1764 3372 (et
1788 3287 1973 3354 liberi
2004 3311 2225 3356 eorum
2267 3288 2374 3376 qui
2402 3289 2667 3354 venient
2708 3310 2791 3355 ex
2818 3287 2980 3372 illis)
3012 3285 3092 3353 0.
3123 3288 3267 3352 406.
3300 3287 3506 3355 2835.

564 3392 715 3476 qoet‘
747 3401 983 3476 termyn
1025 3413 1068 3453 a
1110 3389 1290 3476 theffo
1332 3389 1588 3454 deuonee
1641 3414 1684 3454 a
1727 3389 1869 3476 brya
1910 3391 2096 3456 honen
2156 3393 2308 3474 (vae
2349 3390 2447 3457 illi
2488 3411 2615 3478 qua
2654 3389 2763 3457 die
2804 3389 3053 3457 accidet
3093 3398 3164 3454 ιιι
3204 3387 3435 3456 veniat
3476 3411 3515 3456 e

569 3500 854 3578 tempore
895 3490 1213 3575 mulieris)
1271 3489 1349 3556 R.
1389 3491 1566 3558 1349.
1638 3516 1726 3556 na
1767 3493 1949 3577 tlwffo
1996 3493 2163 3579 ylaw
2206 3492 2517 3576 aberveth,
2570 3515 2658 3558 na
2702 3493 2881 3577 theffo
2918 3492 3084 3577 ylaw
3151 3491 3267 3578 (ne
3306 3493 3517 3558 intret

569 3593 824 3682 pluvia,
869 3615 954 3659 ne
993 3592 1213 3658 veniat
1253 3591 1376 3679 pl.)
1433 3592 1514 3659 Ο.
1562 3594 1743 3659 1076.
1787 3593 1973 3660 2488.
2038 3617 2124 3659 na
2166 3595 2346 3680 theffo
2398 3615 2565 3660 onan
2616 3616 2703 3681 yn
2744 3595 2882 3680 heys
2934 3593 3030 3659 tlae
3072 3605 3241 3680 ινφρα
3293 3613 3515 3658 omma

568 3699 759 3783 neffre
819 3695 936 3781 (ne
976 3696 1196 3762 veniat
1247 3694 1584 3781 quisquam
1637 3695 1707 3761 in
1751 3696 2053 3761 mnndum
2106 3697 2187 3762 ad
2228 3695 2602 3762 morandum
2655 3697 2761 3762 hic
2814 3693 3126 3783 unquam)
3184 3691 3263 3759 Ο.
3317 3698 3513 3761 1577.

569 3822 657 3863 na
699 3799 881 3883 theffo
923 3821 1006 3864 na
1049 3818 1190 3883 moy
1229 3818 1316 3881 yn
1357 3817 1495 3880 pow
1541 3795 1656 3880 (ne
1697 3797 1921 3864 veniat
1962 3797 2231 3885 amplius
2275 3797 2346 3863 in
2388 3797 2781 3885 regionem),
2832 3821 2919 3862 na
2963 3798 3139 3880 tlteffo
3182 3796 3303 3860 dea
3361 3797 3518 3882 vytla

569 3921 772 3988 yynen
803 3899 916 3984 (ne
949 3885 1288 3987 qnisquam
1317 3899 1535 3964 veniat
1561 3898 1927 3984 nobiscum)
1958 3898 2035 3965 R.
2068 3901 2254 3964 2176.
2288 3901 2475 3966 2393.
2530 3925 2615 3964 na
2656 3901 2834 3984 theffo
2879 3899 3047 3985 {hym
3090 3919 3176 3961 an
3220 3917 3519 3964 mer-nans

573 4005 689 4086 (ne
731 4002 951 4069 veniat
989 4002 1148 4068 mibi
1190 4000 1391 4086 mors)
1453 4000 1538 4066 D.
1591 4002 1767 4066 1089.
1844 4001 2126 4066 ἀνεήευεί
2164 4007 2289 4086 Ityn
2338 4002 2477 4086 taffo
2531 4001 2685 4085 (etsi
2728 4014 3127 4066 surrecturus
3174 3998 3337 4083 est),
3394 3999 3521 4064 ken

577 4104 714 4188 teffo
766 4124 809 4189 y
845 4125 949 4189 9oe
987 4103 1162 4190 yololc
1218 4103 1376 4188 (etsi
1428 4103 1646 4168 veniat
1695 4102 1765 4167 in
1811 4116 2227 4189 conspectum
2264 4101 2577 4186 vestrum)
2631 4101 2706 4168 R.
2753 4103 2895 4169 386.
2948 4103 3130 4169 1861.
3202 4111 3519 4186 anteco-yet

575 4204 680 4291 bys
721 4227 868 4290 may
921 4206 1057 4290 tqffo
1113 4203 1352 4288 (donec
1403 4203 1622 4269 veniat
1662 4204 2167 4288 Antichristus),
2230 4227 2430 4292 yynen
2468 4225 2617 4290 may
2670 4205 2811 4290 teffo
2863 4202 2967 4288 (ut
3017 4202 3239 4271 veniat
3286 4203 3519 4270 nobis-

574 4307 748 4392 cum)
793 4304 870 4372 R.
914 4305 1058 4372 239.
1087 4305 1274 4372 2330.
1333 4327 1548 4393 pynaq
1591 4327 1632 4368 a
1672 4304 1947 4391 wharfo,
1999 4307 2345 4394 pepynayol
2387 4328 2428 4369 a
2468 4306 2732 4391 wharfo,
2770 4307 3121 4392 pypenaqol
3162 4329 3205 4370 a
3244 4305 3517 4392 sclam-fo,

571 4408 968 4493 puppenayol
1007 4432 1048 4470 a
1089 4407 1332 4492 wharso
1386 4405 1728 4492 (quidquid
1771 4406 2051 4495 accidet)
2112 4407 2190 4475 Ο.
2237 4409 2417 4473 1698.
2457 4407 2639 4472 1736.
2684 4406 2760 4473 Β.
2790 4408 2935 4472 671.
2972 4405 3151 4476 1538.
3212 4427 3305 4492 yn
3348 4409 3521 4471 della

577 4509 726 4592 thyn
781 4529 850 4570 re
889 4507 1130 4589 wltarfo
1190 4506 1314 4591 (ita
1351 4505 1540 4572 nobis
1581 4506 1724 4591 fiat)
1783 4507 1861 4575 O.
1894 4512 2040 4575 667.
2110 4533 2271 4574 awos
2314 4521 2415 4573 tra
2460 4509 2607 4596 vytk
2658 4533 2703 4574 a
2740 4508 2945 4589 warfo
2988 4504 3137 4590 (id.)
3198 4503 3279 4572 Ο.
3320 4507 3517 4572 2355.

575 4609 689 4673 neb
733 4633 818 4674 an
855 4608 1068 4696 yotkfo
1106 4607 1426 4696 yorchybes
1469 4607 1610 4692 (qui
1642 4609 1808 4675 sciet
1837 4633 2001 4694 eum,
2046 4609 2483 4698 respondeto),
2528 4633 2635 4674 ma
2674 4633 2761 4672 na
2802 4609 3023 4690 wothfo
3062 4607 3369 4694 yorthyby
3412 4608 3523 4692 (ut

576 4710 827 4776 nesciat
881 4707 1302 4797 respondere)
1358 4706 1443 4772 D.
1487 4713 1628 4776 775.
1679 4715 1858 4779 1660.
1928 4736 2013 4776 na
2068 4713 2291 4797 wotleso
2346 4712 2547 4800 (quod
2586 4711 2902 4794 nesciat),
2972 4728 3118 4774 mar
3156 4709 3364 4792 cotlffo
3420 4709 3517 4793 (si

585 4811 776 4896 sciat)
810 4810 888 4877 Ο.
926 4813 1064 4878 190.
1096 4813 1284 4877 2119.
1371 4811 1432 4876 b.
1478 4833 1581 4896 my
1609 4835 1694 4898 ny
1716 4815 2097 4900 yafafynno
2139 4814 2251 4878 ken
2292 4837 2433 4900 may
2460 4815 2661 4899 cothfo
2691 4813 2855 4898 thym
2881 4833 2924 4896 y
2954 4811 3134 4892 ἱαιΙιε,
3174 4835 3219 4898 y
3246 4811 3525 4896 dampna

579 4912 732 4998 (ego
777 4935 908 4978 non
948 4913 1208 4980 invenio
1253 4933 1510 4978 causam
1553 4913 1623 4978 in
1667 4935 1743 4979 eo
1786 4926 1858 4981 ut
1899 4917 2127 4982 deceat
2168 4938 2268 4981 me
2297 4937 2439 4981 eum
2470 4916 2782 4996 occidere,
2830 4913 3161 4996 damnare)
3205 4911 3288 4977 D.
3330 4915 3521 4996 1798.

579 5014 766 5080 2033.
829 5035 932 5100 my
974 5039 1017 5080 a
1057 5015 1200 5102 vytk
1242 5037 1326 5077 an
1365 5020 1550 5100 kyuso
1575 5067 1588 5080 .
1615 5065 1630 5079 .
1657 5066 1672 5081 .
1703 5042 1744 5082 α
1777 5021 1965 5104 perso
2005 5040 2076 5082 vo
2119 5027 2383 5102 meystry
2425 5017 2577 5104 (ego
2619 5017 2861 5103 primus
2904 5015 3143 5102 parabo
3186 5013 3523 5100 negotium

580 5114 822 5199 meum)
870 5114 946 5184 O.
980 5117 1165 5181 2164.
1221 5139 1354 5202 pan
1391 5117 1596 5203 ylevso
1640 5116 1814 5203 (cum
1858 5117 2123 5202 audiet),
2168 5139 2315 5202 may
2344 5119 2554 5202 clewjo
2596 5117 2703 5202 (ut
2740 5117 2987 5200 audiat)
3029 5115 3113 5181 D.
3146 5117 3290 5182 372.
3324 5115 3527 5187 3063.
