3717 5642
1277 417 1660 467 PRAEFATIO
1708 416 2061 466 AUCTORE.
2303 397 2567 464 (XLVffl-
2596 397 2799 463 XLIX)
2864 397 3175 467 XXXHI

265 585 630 674 malbergica
671 587 972 674 leguntur
999 586 1353 674 peregrina,
1397 584 1686 653 inaudita
1727 585 1832 652 vel
1857 585 2201 672 incognita,
2250 586 2307 650 si
2350 586 2493 672 quis
2524 584 2915 672 quaesiverit
2954 585 3025 650 in
3053 584 3176 651 hoc

273 719 468 782 opere,
513 720 648 763 non
690 695 1002 778 inveniet3
1058 697 1125 761 in
1167 695 1270 762 his
1313 696 1605 762 omnibus
1650 697 1818 762 enim
1859 695 2151 784 equidem
2195 719 2317 762 nec
2358 695 2577 760 inveni
2618 717 2842 761 vocem
2888 694 3176 762 celtica-m

263 827 366 871 nec
407 804 690 872 invenio,

417 914 552 984 Sed
596 927 934 1005 antequam
974 915 1162 983 huius
1205 917 1352 984 libri
1395 919 1584 984 finem
1613 917 1800 998 facio,
1845 916 1999 982 mihi
2046 927 2221 1003 grato
2252 917 2463 982 animo
2506 915 3051 983 commemoranda
3076 927 3179 984 est

265 1026 524 1092 virorum
569 1027 894 1094 doctorum
939 1037 1006 1093 et
1047 1027 1358 1093 clarorum
1399 1027 1848 1094 benevolentia
1900 1035 1965 1092 et
2004 1027 2361 1092 humanitas
2376 1077 2393 1108 ,
2452 1028 2561 1113 qui
2602 1025 2925 1113 inceptum
2982 1039 3045 1095 et
3086 1029 3177 1096 ln-

267 1138 466 1201 borem
509 1135 681 1203 hunc
721 1138 898 1203 vario
941 1137 1130 1203 modo
1175 1137 1568 1222 adiuverunt,
1614 1135 1977 1223 Hauptii,
2022 1139 2133 1225 qui
2174 1161 2303 1203 non
2350 1137 2554 1204 solum
2597 1136 2915 1222 poeticum
2957 1164 3177 1208 monu-

267 1255 524 1312 mentum
567 1247 933 1314 hibernicae
975 1247 1231 1333 linguae
1273 1249 1600 1314 inventum
1640 1249 1919 1333 benigne
1960 1246 2115 1312 mihi
2162 1247 2407 1329 obtulit,
2456 1247 2569 1313 sed
2613 1249 2801 1312 etiam
2844 1253 2958 1316 toti
3000 1255 3176 1340 operi

267 1356 420 1442 typis
465 1357 884 1444 imprimendo
927 1380 1172 1423 mecum
1213 1357 1606 1445 invigilavit,
1650 1356 1772 1423 Mo
1788 1357 1933 1438 nii,
1982 1357 2093 1422 'cui
2134 1357 2545 1424 imitationem
2600 1357 2913 1424 sermonis
2968 1355 3180 1423 hiber-

268 1466 380 1531 nici
423 1467 670 1534 codicis
718 1467 1204 1534 Cameracensis
1249 1469 1481 1550 debeo,
1534 1467 1947 1548 Rachel-ti,
1994 1467 2179 1533 amici
2224 1467 2375 1532 inde
2417 1468 2495 1533 ab
2540 1467 2727 1533 annis
2772 1466 3179 1550 iuvenilibu8‚

270 1575 364 1661 qui
401 1576 592 1662 plura
635 1576 798 1643 bene
841 1599 944 1643 me
986 1578 1244 1660 monuit,
1291 1600 1636 1664 eorumque
1679 1577 1978 1660 omnium,
2025 1578 2136 1664 qui
2181 1587 2291 1643 aut
2316 1576 2513 1643 libros
2559 1578 2833 1664 scriptos
2878 1585 2987 1643 aut
3008 1577 3180 1663 typis

268 1685 622 1780 impressos·
643 1688 920 1756 rariores
963 1687 1069 1754 vel
1109 1687 1524 1775 pretiosiores
1567 1687 1907 1754 offerentes
1952 1697 2411 1754 succurrerunt.

415 1871 907 1960 Bambergae
951 1877 1010 1942 7.
1050 1874 1336 1962 Augusti
1379 1875 1562 1942 1853.
2521 1872 2575 1938 1.
2622 1872 2697 1940 G.
2745 1873 3015 1942 ZeuSS.
