3717 5642
509 425 646 504 XX
704 425 927 502 (XXVI.
961 427 1197 500 XXVII)
1600 451 1981 500 1881118110
2022 450 2381 502 moronis,

508 620 825 687 Domuum
864 613 930 688 ‘a
971 632 1151 708 parte
1195 621 1492 688 australis
1537 613 1907 688 Hiberniae'
1982 631 2184 687 ortum
2202 672 2219 703 ,
2284 630 2436 708 post
2481 641 2673 706 quem
2716 628 2983 688 octavus
3030 615 3435 686 Christianus

387 791 395 801 .
507 733 591 798 ad
633 733 899 819 patriam
945 755 1288 820 aggressus
1344 742 1408 798 et
1449 733 1598 798 inde
1641 755 1975 818 regressus
2029 734 2383 818 iterumque
2432 752 2726 796 remeans
2790 730 2861 794 in
2904 727 3219 795 Hibernia
3268 749 3437 793 mor·

507 852 654 908 tuus
699 852 814 908 est.

679 952 1143 1040 Wirziburgum
1190 955 1268 1018 ab
1312 951 1437 1018 hoc
1481 953 1710 1019 abbate
1751 951 2209 1019 Ratisbonensi
2253 949 2619 1018 Christiano
2662 951 2731 1014 in
2774 950 3227 1016 monasterium
3272 947 3433 1016 Sco-

503 1073 708 1129 torum
765 1066 845 1129 ab
893 1064 1194 1150 episcopo
1235 1061 1664 1130 Embrichone
1715 1085 1750 1128 e
1797 1063 2019 1150 primis
2060 1061 2497 1127 fundamentis
2544 1069 2821 1128 erectum
2864 1082 2921 1124 a.
2972 1061 3162 1141 1134,
3221 1069 3293 1126 ut
3332 1061 3433 1127 in-

506 1175 774 1260 digenae
817 1173 1096 1238 referunt
1137 1165 1482 1242 relationes
1526 1173 1803 1260 (Gropp.
1851 1171 2081 1260 Script.
2125 1194 2246 1238 rer.
2298 1169 2692 1256 Wirceburg.
2748 1174 2797 1250 1,
2826 1168 3005 1253 520),
3050 1170 3283 1236 missus
3330 1180 3433 1238 est

503 1284 742 1370 primus
787 1284 986 1350 abbas
1045 1276 1216 1349 ‘cum
1261 1284 1502 1371 aliquot
1543 1273 1865 1350 fratribus'
1908 1281 2231 1349 Macarius
2247 1332 2264 1363 ,
2342 1281 2452 1366 qui
2497 1280 2739 1346 auctori
2783 1278 2973 1346 Vitae
3014 1278 3291 1346 Mariani
3334 1281 3431 1346 di-

504 1393 666 1460 011111
735 1386 827 1458 ‘in
871 1393 1013 1480 lege
1059 1393 1280 1459 divina
1320 1394 1730 1460 doctissimus
1775 1405 1966 1480 atque
2010 1391 2272 1458 diutinis
2326 1390 2683 1456 liberalium
2724 1389 2949 1456 artium
3004 1389 3231 1457 studiis
3288 1415 3431 1478 per

499 1513 752 1569 totam
793 1501 1264 1570 Hiberniam
1309 1493 1796 1570 celeberrimus'.
1906 1502 2067 1569 Post
2110 1525 2253 1567 eum
2294 1501 2519 1566 tertius
2564 1500 2762 1566 abbas
2810 1499 3147 1568 Scotorum
3188 1499 3429 1568 Wirzi-

507 1613 914 1700 burgensium
961 1611 1199 1695 Carus,
1264 1612 1550 1681 Gom-adi
1602 1614 1774 1700 regis
1829 1613 2231 1700 capellanus,
2296 1609 2546 1677 fundati
2582 1610 3047 1695 Norimbergae
3086 1607 3431 1678 Scotorum

503 1723 870 1790 monasterii
932 1722 1133 1810 (quod
1173 1723 1364 1789 hodie
1408 1735 1508 1789 est
1561 1724 1959 1809 gymnasium
2000 1720 2467 1806 Aegidianum,
2526 1743 2581 1786 a.
2629 1722 2789 1786 1526
2848 1743 2887 1785 a
2927 1717 3429 1788 Melanchthone

507 1832 982 1917 inauguratum)
1025 1833 1268 1918 primus
1309 1835 1513 1899 factus
1557 1834 1784 1914 abbas,
1829 1833 1921 1898 ibi
1962 1831 2345 1912 Declanum,
2392 1829 2677 1898 Com-adi
2718 1841 2783 1896 et
2804 1815 3139 1898 'Friderici
3180 1830 3428 1898 Barba-

504 1967 726 2010 rossae
773 1943 1198 2030 capellanum,
1255 1942 1476 2009 habuit
1519 1963 1981 2023 successorem,
2040 1941 2149 2028 11111
2194 1940 2531 2006 ecclesiam
2586 1941 2649 2006 S.
2692 1942 2959 2028 Aegidii
3020 1933 3305 2028 ‘quadris
3362 1951 3428 2008 et

502 2054 869 2126 naturaliter
920 2053 1257 2119 rubricatis
1302 2053 1622 2139 lapidibus
1667 2042 2059 2132 construxit’,
2114 2059 2279 2116 teste
2321 2049 2611 2118 Hiberno
2654 2051 2987 2119 monacho,
3102 2051 3424 2137 Gregorio

495 2160 846 2229 Christiani
889 2185 1264 2229 successore
1307 2162 1758 2229 monasterium
1798 2161 2271 2227 Ratisbonense
2314 2171 2577 2247 regente
2622 2161 3067 2228 Vindobonam
3112 2162 3307 2228 etiam
3350 2161 3425 2275 in

495 2273 946 2338 monasterium
991 2271 1322 2340 Scotorum
1367 2297 1406 2339 a
1449 2275 1610 2339 duce
1659 2271 1969 2337 Heinrico
2013 2271 2370 2336 institutum
2429 2262 2750 2356 ‘viginti
2794 2282 3129 2358 quatuor
3168 2271 3401 2337 fratres

492 2384 611 2448 sub
657 2383 886 2449 abbate
931 2381 1238 2450 Sanctino
1286 2382 1780 2464 descenderunt,
1847 2381 2083 2467 aliique
2124 2380 2297 2446 Scoti
2339 2391 2471 2446 tum
2514 2381 2954 2446 Eichstadium
2994 2383 3265 2468 primum
3309 2405 3423 2448 ve-

492 2501 723 2557 nerunt
765 2491 956 2576 (Boll.
1001 2493 1190 2558 Febr.
1224 2496 1283 2576 2,
1317 2495 1459 2558 371.
1494 2495 1646 2574 3723
1691 2493 1768 2560 cf.
1815 2491 2028 2558 Pertz.
2080 2495 2175 2572 ll,
2224 2492 2399 2576 617).
2488 2490 2813 2557 Hibernos
2858 2491 2975 2556 hos
3022 2513 3244 2558 omnes
3289 2502 3423 2558 tam

487 2601 749 2668 nomina
792 2625 984 2689 quam
1025 2605 1304 2670 narratio
1349 2603 1492 2690 ipsa
1537 2602 2003 2682 demonstrant3
2062 2600 2436 2666 recentioris
2480 2601 2726 2666 demum
2772 2601 2999 2668 aetatis
3042 2603 3309 2668 abbates
3355 2611 3425 2668 et

485 2711 746 2794 fratres,
808 2737 848 2778 a
889 2722 1143 2779 vetusta
1183 2713 1575 2781 abstinentia
1631 2723 1694 2778 et
1737 2711 2029 2778 doctrina
2071 2712 2570 2796 degeneranteS,
2633 2711 2948 2778 contraria
2988 2721 3307 2778 sectantes
3356 2723 3423 2778 et

490 2824 660 2888 bona
701 2823 1246 2905 monasteriorum,
1293 2825 1453 2889 adeo
1484 2824 1766 2906 libros,
1813 2821 2258 2900 distrahentes,
2302 2821 2657 2888 iunioribus
2704 2845 2737 2887 e
2766 2820 2976 2906 patria
3014 2845 3143 2888 non
3188 2825 3420 2889 subse·-

497 2934 869 3018 quentibus,
931 2933 1215 2999 colonias
1262 2955 1412 3000 suas
1465 2935 1532 2997 in
1578 2931 1926 2999 Germania
1968 2932 2339 2997 continuare
2380 2928 2511 2996 non
2554 2941 2893 3016 potuerunt
2947 2944 3012 2998 et
3054 2931 3417 3002 Germanos

491 3065 896 3109 successores
942 3043 1316 3125 habuerunt,
1364 3044 1631 3128 primum
1667 3042 2081 3108 Vindobonae
2126 3051 2192 3105 et
2217 3040 2675 3126 Norimbergae
2718 3045 2903 3108 annis
2938 3043 3099 3108 1413
3132 3053 3195 3108 et
3229 3045 3415 3124 1418,

489 3152 722 3218 (18111118
767 3153 1156 3238 Wirziburgi
1194 3177 1249 3218 a.
1289 3155 1446 3218 1497
1495 3153 1688 3237 (Boll.
1713 3152 1901 3219 Febr.
1934 3153 1993 3233 2,
2028 3151 2168 3220 362.
2218 3147 2450 3216 Oefelii
2497 3149 2730 3236 Script.
2783 3156 2836 3236 1,
2882 3154 3024 3218 342.
3057 3154 3201 3218 344.
3234 3154 3413 3237 350).

489 3263 955 3329 Ratisbonense
998 3263 1448 3332 monasterium
1478 3262 1885 3349 primitivum,
1931 3255 2207 3326 Mariani
2250 3262 2459 3342 sedes,
2506 3285 2560 3326 a.
2599 3265 2757 3326 1552
2804 3263 2971 3328 bello
3016 3264 3415 3330 destructum

495 3375 736 3439 interiit
779 3373 1038 3452 (Rader.
1082 3373 1242 3438 Bav.
1290 3383 1512 3438 sancta
1554 3375 1611 3454 2,
1645 3374 1819 3457 ⁶222).

658 3483 1170 3570 Distinguendus
1229 3493 1329 3547 est
1383 3484 1460 3548 ab
1507 3484 1733 3548 abbate
1776 3481 2230 3549 Ratisbonensi
2274 3480 2567 3546 Mariano
2616 3479 2807 3548 Scoto
2862 3493 3068 3548 aetate
3122 3487 3419 3570 aequalis

497 3597 655 3660 alter
697 3595 1028 3660 Marianus
1074 3592 1334 3674 Scotus,
1378 3591 1730 3658 monachus
1774 3592 2041 3679 primum
2087 3589 2423 3672 Coloniae,
2488 3593 2791 3678 deinceps
2834 3594 3122 3659 inclusus
3166 3595 3419 3663 Fuldae

492 3714 556 3769 et
599 3705 969 3791 Magontiae
1018 3702 1187 3788 apud
1229 3703 1678 3766 monasterium
1724 3701 1794 3770 S.
1843 3701 2135 3782 Martini,
2194 3701 2302 3766 ubi
2346 3703 2518 3766 circa
2560 3725 2615 3766 a.
2667 3705 2828 3770 1083
2872 3704 3033 3768 011111
3073 3703 3315 3787 (Pertz.
3352 3709 3417 3788 7,

486 3816 674 3901 484),
742 3813 1020 3900 perfecto
1067 3833 1260 3897 opere
1303 3811 1749 3898 chronologico
1796 3823 1860 3877 et
1902 3811 2239 3892 historico,
2296 3811 2479 3877 cuius
2523 3813 2727 3878 codex
2772 3813 3056 3898 aequalis
3103 3836 3183 3878 ex
3224 3825 3421 3899 parte

485 3923 755 3991 fortasse
801 3925 881 3989 ab
925 3923 1068 4010 ipso
1113 3921 1409 4007 scriptus,
1455 3923 1719 4008 primum
1771 3920 2195 3989 bibliothecae
2240 3919 2523 3988 eiusdem
2566 3923 2955 4003 monasterii,
3002 3923 3231 3988 deinde
3279 3923 3416 3990 Pa·-

488 4036 725 4099 latinae
745 4085 760 4114 ,
804 4055 976 4097 nunc
1019 4031 1401 4111 vaticanae,
1455 4042 1773 4097 vetustum
1818 4029 2200 4116 poematium
2256 4028 2335 4094 de
2377 4031 2835 4118 Benedictione
2879 4031 3229 4098 Hiberniae
3272 4057 3421 4100 ser-

493 4154 600 4209 vat
629 4144 720 4230 (p.
757 4142 910 4226 961)
957 4151 1144 4226 atque
1189 4141 1312 4206 loci
1357 4141 1574 4226 hymni
1621 4139 1931 4206 hibernici
1974 4140 2041 4203 in
2086 4137 2151 4205 S.
2182 4127 2527 4205 Patricium
2569 4142 2955 4206 mentionem
2984 4140 3191 4206 facit*
3252 4141 3421 4210 Fuit

616 4417 639 4443 ·
679 4414 775 4467 Sed
815 4413 914 4464 iam
952 4412 1090 4463 mala
1123 4412 1470 4464 intellectione
1503 4412 1786 4465 inusitatae
1819 4412 2008 4465 formae
2044 4409 2235 4473 (Pertz.
2262 4415 2309 4476 7,
2335 4415 2479 4475 529)=
2516 4411 2685 4465 Stceat
2718 4429 2888 4465 nomen
2934 4411 3156 4466 Patricia·
3186 4415 3240 4464 in
3278 4414 3415 4485 bap-

481 4503 693 4553 tismate.
753 4495 1029 4564 Gotltraeqe
1063 4495 1280 4546 dt'aezmbae
1315 4497 1568 4565 icy'oynam
1604 4497 1846 4549 ‹loc-etlam
1882 4496 2003 4549 treb.
2060 4495 2131 4560 (C.
2171 4513 2285 4548 cum
2324 4495 2423 4548 fuit
2458 4497 2683 4550 serviens
2716 4501 2965 4566 quattuor
3002 4499 3141 4562 vicis)
3174 4515 3203 4551 8
3226 4498 3356 4554 dist.
3380 4507 3415 4554 3

478 4587 680 4654 hymni:
717 4583 870 4634 bacar
905 4581 972 4632 ile
1005 4579 1264 4649 cothraiye
1299 4584 1370 4650 (p.
1397 4586 1514 4646 960,
1549 4586 1654 4634 1101.
1682 4583 1798 4646 “‘),
1835 4583 1942 4634 acsi
1976 4583 2159 4634 fuisset
2200 4579 2471 4648 Cochraiye
2504 4584 2765 4651 proprium
2805 4599 2993 4636 nomen
3017 4584 3227 4636 Patricii
3248 4591 3413 4642 servi.

475 4672 626 4724 Hunc
663 4669 913 4730 codicem,
949 4667 1037 4734 qui
1072 4665 1202 4718 duas
1237 4666 1462 4718 diversas
1497 4681 1682 4719 manus
1718 4666 1943 4718 ostendit
1978 4667 2155 4726 (Pertz.
2198 4672 2243 4729 7,
2282 4674 2398 4720 481.
2438 4671 2584 4731 482),
2630 4685 2691 4720 ex
2728 4672 2873 4736 parte
2908 4685 2940 4720 a
2972 4669 3152 4732 Scuto,
3200 4673 3291 4740 qui
3342 4689 3413 4726 ex

475 4757 692 4810 Albania
727 4753 992 4820 (hodierna
1025 4751 1215 4815 Scotia)
1252 4752 1528 4804 advenerat
1561 4752 1872 4820 Magontiam
1908 4753 1964 4804 in
2002 4753 2365 4805 monasterium
2402 4753 2453 4804 S.
2490 4751 2716 4816 Martini,
2752 4755 3003 4822 scriptum
3036 4769 3167 4820 esse,
3212 4756 3415 4814 docent

472 4842 604 4894 duae
653 4839 1010 4893 adnotationes
1057 4837 1310 4899 eiusdem,
1361 4837 1548 4906 quibus
1583 4837 1867 4888 Marianum
1906 4840 2061 4891 certis
2096 4839 2277 4890 diebus
2313 4838 2365 4890 in
2402 4838 2703 4890 inclusionis
2738 4841 3037 4892 austeritate
3071 4842 3411 4900 exhilaravit.

473 4928 590 4980 Una
622 4927 678 4979 in
715 4929 825 4978 33⁸:
866 4921 1044 4976 lsdim
1079 4919 1184 4976 clun
1219 4921 1361 4974 indo'v
1398 4939 1432 4973 a
1468 4918 1743 4990 mdlbriyte
1777 4920 2033 4976 νῖύεεηαίν
2070 4923 2122 4973 in
2154 4924 2416 4990 nmqantia
2452 4922 2517 4976 isi
2551 4923 2778 4976 (ίαν-(111811
2815 4924 2976 4992 1111]ἓί
2998 4927 3176 4994 petair
3212 4929 3279 4979 isi
3304 4940 3417 4983 cet-

472 5013 590 5064 ble'a.
641 5009 920 5079 dendeydid
965 5010 1012 5064 ‚22
1063 5009 1130 5062 isi
1174 5007 1296 5060 blia.
1345 5007 1664 5060 irromarbat
1707 5007 1959 5061 diarmait
2000 5009 2053 5060 ri
2088 5009 2246 5079 loyen.
2318 5015 2346 5060 7
2386 5009 2451 5060 isi
2483 5009 2591 5063 side
2625 5011 2893 5064 eemablia.
2932 5019 3151 5064 canaesa
3184 5013 3417 5068 aalbain

471 5101 572 5162 (est
607 5099 740 5151 laeta
773 5097 920 5149 nobis
956 5098 1081 5149 haec
1117 5097 1241 5158 dies,
1278 5111 1308 5146 0
1343 5093 1640 5161 Maelbn'gte
1674 5095 1890 5157 incluse,
1928 5093 2245 5162 Magontia03
2284 5098 2363 5146 est
2400 5095 2523 5148 haec
2560 5097 2671 5150 dies
2710 5097 2843 5150 Iovis
2878 5103 2999 5150 ante
3024 5097 3212 5150 festum
3238 5099 3415 5167 Petri,

467 5191 548 5237 est
581 5185 664 5235 hic
701 5185 900 5250 primus
935 5197 1104 5235 annus
1137 5186 1272 5250 post,
1309 5181 1342 5233 1.
1377 5195 1422 5234 8.
1458 5183 1539 5232 881
1577 5181 1657 5232 hic
1692 5195 1859 5232 annus
1892 5194 1996 5248 quo
2030 5180 2229 5231 occisus
2265 5184 2348 5232 est
2379 5179 2681 5236 Diarmitius
2716 5200 2805 5236 rex
2839 5183 3191 5252 Lageniorum,
3228 5189 3284 5238 et
3321 5195 3417 5242 est

469 5270 549 5321 hic
588 5269 719 5321 idem
758 5270 954 5336 primus
990 5283 1157 5322 annus
1193 5269 1464 5335 postquam
1503 5265 1620 5316 veni
1653 5279 1718 5318 ex
1751 5265 2001 5330 Albania3
2040 5265 2209 5334 pergit
2241 5266 2462 5331 latinez)
2498 5267 2553 5319 in
2577 5268 2945 5338 pereyrim'tate
2975 5283 3101 5322 inea,
3135 5276 3184 5322 et
3204 5270 3427 5340 scripsi
