3717 5642
988 388 1103 456 IV.
1150 390 1211 455 2.
1276 405 1851 457 Pmsroerrronss
1900 406 2377 457 Bm'rfflmosu.
2661 390 2797 453 (635.
2821 392 2944 456 642)
3011 390 3134 455 677

380 572 721 643 Cornica
772 576 1099 663 exempla:
1160 598 1291 643 war
1323 575 1624 663 penakyll
1662 599 1746 641 an
1786 598 1973 663 yorae
2025 576 2126 661 (in
2167 576 2512 663 pinnaculo
2578 599 2722 643 eum
2765 576 3011 663 posuit)
3057 576 3135 643 Ρ.

244 679 321 757 13,
348 677 401 743 3.
457 700 591 741 war
634 701 722 743 cm
752 678 931 763 forth
974 679 1177 763 dyllae
1221 703 1262 744 a
1304 676 1385 743 les
1428 701 1469 742 a
1512 699 1580 741 ve
1616 680 1829 765 quo-m
1873 677 2098 766 (super
2141 678 2310 745 viam
2351 688 2566 745 vestes
2611 678 2738 745 late
2783 688 2932 745 sunt
2975 686 3135 744 stra-

234 779 349 864 tae)
387 780 483 860 29,
516 780 577 845 3.
632 782 751 845 den
796 782 933 867 »yth
976 804 1061 867 ny
1103 780 1174 866 yl
1198 791 1478 866 amontye
1519 802 1607 845 na
1652 778 1899 845 leuen-eu
1937 802 2072 843 war
2113 802 2290 845 anow
2331 779 2416 845 oll
2443 802 2617 867 mym
2660 778 2880 863 (nemo
2921 788 3139 867 potest

234 890 569 969 computare
621 904 745 947 nec
798 882 1011 948 dicere
1067 904 1175 948 ore
1220 904 1473 969 omnem
1514 880 2047 967 magnitudinem)
2105 882 2206 962 59,
2249 880 2308 945 3.
2378 902 2508 947 war
2552 881 2702 968 dyth
2751 884 2942 969 pasch
2995 882 3136 966 (die

233 981 517 1069 paschae)
568 984 707 1065 124,
756 983 817 1049 3.
882 1007 1103 1049 caman
1147 1006 1233 1050 na
1270 985 1401 1070 ylly
1436 999 1651 1073 9wy30
1693 1006 1986 1049 wammam
2027 1008 2116 1050 na
2157 984 2317 1049 besse
2354 1006 2398 1071 y
2443 982 2553 1049 ben
2596 984 2699 1069 (ut
2733 1008 3136 1074 nequaquam

232 1096 426 1173 posset
466 1106 727 1168 cavere,
786 1108 871 1151 ne
914 1095 1181 1173 poneret
1237 1085 1527 1153 deorsum
1574 1094 1769 1172 caput
1808 1087 2024 1172 suum)
2080 1087 2222 1168 205,
2269 1088 2326 1153 2.
2389 1110 2526 1151 war
2567 1109 2638 1151 ov
2664 1087 2835 1172 seth,
2887 1111 3020 1155 war
3063 1114 3134 1155 ov

218 1187 372 1274 syth,
426 1209 565 1253 war
603 1208 695 1253 ow
719 1186 881 1273 syth
920 1187 1067 1275 (per
1106 1188 1298 1254 fidem
1335 1186 1574 1273 meum)
1620 1186 1699 1255 Ο.
1744 1189 1926 1255 1080.
1981 1188 2162 1255 1206.
2217 1187 2292 1255 Ρ.
2341 1192 2478 1273 155,
2510 1192 2570 1256 4.
2670 1188 2882 1259 Semel
2927 1212 3000 1257 or
3035 1192 3135 1259 the

212 1291 343 1375 syth
380 1290 525 1376 (per
552 1290 748 1357 fidem
770 1289 971 1376 tuam)
1015 1288 1099 1357 D.
1131 1291 1275 1357 202.

375 1390 715 1459 Ombrico
767 1414 812 1479 y
866 1414 945 1459 ar
996 1393 1347 1480 respondet
1394 1406 1467 1477 33
1516 1413 1681 1457 war:
1741 1390 1835 1457 ha·
1867 1390 2052 1477 pylat
2102 1406 2174 1477 3e
2227 1413 2363 1455 war
2405 1390 2620 1457 breder
2679 1416 2720 1457 a
2763 1394 2982 1459 leveris
3035 1396 3133 1481 (et

228 1492 289 1559 P.
334 1516 410 1560 ex
450 1494 839 1582 cogitatione
884 1493 1065 1577 dixit,
1105 1504 1259 1581 poet
1300 1492 1473 1581 cog.)
1518 1492 1592 1559 P.
1628 1493 1769 1575 129,
1804 1493 1860 1556 1.

370 1593 536 1663 Cum
579 1596 1065 1685 pronominibus
1094 1594 1377 1663 suffixis:
1424 1607 1645 1681 mesto-y
1690 1594 1833 1680 vyth
1877 1604 1932 1659 te
1971 1618 2055 1681 ny
2097 1615 2206 1659 vea
2235 1592 2570 1681 war[n]aff
2605 1618 2674 1659 ve
2717 1596 3128 1683 (potestatem

222 1700 447 1765 nullum
488 1698 764 1766 haberes
813 1720 1005 1786 super
1050 1698 1179 1783 me)
1223 1692 1299 1763 P.
1338 1700 1477 1779 145,
1510 1698 1569 1764 2.
1632 1696 1829 1784 yallos
1871 1698 2132 1785 warnas
2161 1720 2246 1784 ny
2281 1699 2418 1783 syce
2461 1695 2611 1783 (id.)
2653 1698 2738 1764 D.
2770 1700 2954 1765 2187.
3023 1722 3131 1763 ar-

226 1802 345 1866 luth
384 1824 633 1867 warnae
676 1801 981 1888 treqevyth
1034 1799 1350 1885 (domine,
1408 1800 1479 1865 in
1520 1808 1583 1865 te
1628 1797 1863 1885 gratia.)
1922 1798 2000 1867 O.
2051 1800 2231 1865 1015.
2297 1815 2583 1886 warno30
2625 1824 2666 1865 a
2705 1824 2826 1888 περ
2867 1823 2976 1886 cry
3020 1800 3132 1887 (de

220 1924 317 1985 eo,
370 1902 439 1967 in
480 1926 655 1986 eum,
710 1901 1021 1985 Pilatum,
1078 1900 1367 1968 fecerunt
1408 1900 1778 1986 clamorem)
1821 1899 1898 1967 P.
1945 1903 2085 1983 117,
2137 1906 2190 1969 1.
2255 1927 2300 1989 y
2344 1901 2562 1989 beynys
2616 1925 2652 1967 ο
2693 1905 2834 1989 crof
2864 1904 2948 1969 Ιια
2991 1902 3134 1969 bras

220 2020 491 2089 warno30
535 2005 823 2091 (dolores
864 2003 1063 2071 fortes
1106 2012 1172 2071 et
1198 2004 1413 2091 magni
1443 2013 1622 2071 erunt
1662 2004 1733 2069 in
1762 2003 1872 2088 eo)
1915 2005 2018 2087 56,
2049 2004 2108 2071 3.
2157 2025 2294 2091 pan
2337 2029 2378 2070 a
2421 2006 2544 2070 dra
2585 2030 2626 2070 a
2665 2008 2998 2095 ynnyouqh
3037 2028 3134 2093 wy

214 2125 487 2194 wanw30
532 2110 766 2196 (quare
808 2107 1062 2175 instetis
1108 2130 1225 2174 vos
1268 2107 1337 2173 in
1382 2130 1521 2173 eum
1534 2105 1594 2190 Ρ)
1639 2106 1741 2189 99,
1778 2108 1831 2171 1.
1889 2129 1974 2169 an
2017 2128 2161 2171 osen
2203 2131 2246 2173 a
2285 2128 2354 2171 ve
2389 2106 2646 2194 kequys
2685 2122 2972 2193 war-new
3015 2130 3132 2195 ray

208 2226 357 2296 ese3e
396 2211 601 2298 dyllas
640 2232 771 2296 pan
814 2234 857 2273 a
898 2230 971 2273 ve
991 2228 1215 2296 yorrye
1258 2208 1474 2294 (asina
1516 2208 1793 2275 adducta
1822 2216 1941 2289 est,
1989 2208 2070 2273 ad
2111 2208 2462 2275 sedendum
2507 2208 2578 2273 in
2609 2230 2688 2273 ea
2729 2209 2930 2276 vestis
2975 2231 3133 2295 pan-

206 2336 429 2379 norum
470 2312 687 2400 posita
729 2310 861 2395 est)
906 2311 1013 2393 28,
1046 2310 1105 2375 3.
1175 2332 1312 2376 war
1354 2334 1520 2397 aqan
1545 2310 1747 2396 flehys
1770 2360 1785 2375 .
1818 2360 1874 2375 ..
1907 2310 1991 2375 ha
2031 2332 2294 2375 war-nan
2347 2310 2447 2397 (in
2489 2310 2727 2379 liberos
2769 2320 3024 2377 nostros
3069 2320 3134 2377 et
3253 2384 3260 2391 ,

208 2415 271 2479 in
308 2437 449 2497 nos,
492 2412 717 2480 veniat
754 2411 948 2497 ultio)
998 2412 1138 2493 149,
1167 2412 1229 2477 4.
1298 2426 1413 2495 3370
1452 2426 1803 2499 mennyow
1844 2412 1983 2497 why
2026 2434 2066 2475 a
2110 2413 2257 2499 erylo
2295 2414 2632 2501 w'aojnouqk
2671 2428 2812 2499 oo3e
2853 2414 3130 2499 (montes

210 2514 505 2581 iubebitis
550 2538 743 2602 super
784 2536 905 2581 vos
949 2512 1211 2598 cedere)
1259 2514 1399 2597 170,
1447 2517 1503 2580 1.
1568 2536 1663 2600 wy
1704 2538 1749 2579 a
1784 2514 1925 2601 qyff
1961 2512 2332 2600 bohoeoqyon
2380 2514 2512 2600 pub
2553 2536 2621 2581 er
2659 2516 3000 2603 warnouyh.
3038 2539 3130 2581 ow

200 2638 397 2682 carme
441 2616 797 2705 (pauperes
838 2636 1091 2700 semper
1132 2614 1477 2683 invenietis
1534 2616 1617 2681 ad
1658 2637 1776 2681 vos
1820 2614 2205 2702 clamantes)
2249 2616 2350 2699 37,
2392 2616 2453 2682 3.
2519 2632 2803 2703 warne3e
2839 2617 3132 2705 qweleons

201 2718 389 2782 elevas
437 2718 537 2801 (in
580 2718 664 2785 iis
710 2716 1011 2782 viderunt
1052 2716 1369 2802 morbum)
1418 2718 1557 2801 157,
1590 2718 1648 2782 2.

358 2820 523 2885 Are
544 2818 832 2886 morice
872 2816 1105 2901 forma,
1152 2818 1320 2885 sicut
1360 2819 1551 2887 hodie
1592 2819 1767 2885 varie
1814 2819 2116 2887 scribitur
2159 2830 2224 2887 et
2263 2822 2706 2908 pronuntiatur
2747 2822 2942 2905 (war,
2996 2841 3130 2903 ear,
3210 2898 3222 2910 ,

198 2930 349 2987 trec.
392 2944 655 3008 cornug.
698 2942 844 3003 oar,
891 2918 1047 3007 quin
1090 2920 1286 2986 etiam
1326 2942 1402 2984 ar
1444 2920 1615 3008 apud
1654 2921 1943 2989 Venetos
1988 2931 2052 2989 et
2094 2920 2622 3009 Cornugallorum
2662 2922 2958 3011 partem),
3004 2922 3129 2989 iam

198 3024 263 3087 in
288 3023 476 3089 libris
520 3022 760 3089 nostris
800 3022 1007 3089 variat
1048 3021 1396 3109 scriptione
1426 3020 1613 3089 OAR
1656 3022 1835 3089 Ceth.
1867 3022 2026 3105 MJ.,
2071 3022 2322 3091 VOAR
2360 3024 2525 3093 Buh.
2571 3026 2684 3111 (cf.
2729 3046 2910 3106 oann,
2954 3045 3132 3107 voan,

198 3126 439 3211 eram):
509 3146 623 3191 oar
679 3116 989 3212 (θηρσί)
1033 3122 1217 3191 Ceth.
1284 3146 1398 3189 oar
1438 3124 1513 3189 he
1554 3124 1739 3191 chone
1792 3124 1914 3190 hon
1966 3126 2158 3189 droue
2214 3149 2257 3189 a
2299 3126 2533 3215 douqas
2588 3127 2687 3212 (in
2741 3148 2956 3193 umero
3015 3147 3130 3191 suo

198 3237 489 3295 nostrum
528 3224 766 3293 mulum
820 3225 1131 3314 portavit)
1183 3224 1480 3307 MJ.‚3b.
1548 3246 1663 3291 oar
1704 3250 1793 3291 un
1836 3226 1952 3290 dre
2007 3226 2224 3311 (um.)-
2251 3228 2402 3293 212.
2468 3250 2582 3295 oar
2621 3250 2740 3315 nep
2783 3238 2877 3293 tro
2935 3227 3129 3312 (nun-

196 3332 415 3418 quam)
480 3332 510 3393 1
525 3332 601 3396 18
612 3354 671 3395 a.
738 3341 946 3395 oar-tro
990 3318 1303 3413 (‘circa'),
1360 3326 1557 3412 bezaff
1594 3314 1803 3394 σαφεῖ-ὀ
1861 3319 2412 3415 (circumstare'),
2474 3328 2647 3417 tretJff
2683 3341 2892 3395 oartro
2937 3321 3132 3413 (Ἆπι-

194 3424 405 3516 bire‘),
451 3441 697 3515 quet-zet
721 3452 837 3497 oar
862 3432 1001 3515 quis
1031 3421 1497 3515 (retrogradi)
1531 3428 1715 3497 cath.
1771 3442 1973 3495 monet
1999 3453 2149 3496 vom·
2177 3454 2318 3497 mar
2360 3429 2713 3519 (proficisci
2743 3431 2932 3516 mari)
2961 3430 3127 3497 Buh.

192 3537 251 3617 4,
298 3535 403 3600 23.
482 3534 680 3598 santet
713 3530 985 3597 meus-bet
1036 3554 1186 3597 voar
1224 3555 1311 3597 an
1350 3530 1444 3595 bet
1482 3553 1632 3596 mn
1695 3532 1914 3619 (valde
1959 3544 2223 3599 sauctus
2275 3533 2344 3599 in
2385 3532 2510 3600 hoc
2558 3531 2827 3617 mundo)
2879 3535 2982 3615 46,
3027 3533 3128 3597 21.

193 3634 403 3719 aedoff
454 3657 643 3701 aman
704 3656 857 3699 voar
915 3657 1000 3698 an
1038 3634 1183 3699 kent
1236 3632 1409 3718 (sum
1448 3634 1555 3699 hic
1595 3634 1664 3699 in
1706 3633 1966 3718 itinere)
2009 3634 2112 3717 36,
2143 3636 2244 3700 21.
2346 3632 2506 3701 Post
2544 3634 2742 3701 verba
2791 3633 3128 3702 motionis:

190 3758 357 3822 quae
392 3758 545 3803 voar
573 3760 661 3802 απ
688 3734 785 3801 bet
825 3734 881 3821 (i
906 3733 977 3799 in
1004 3733 1337 3819 mundum)
1370 3736 1430 3817 2,
1462 3735 1521 3799 2.
1576 3737 1791 3822 deomp
1820 3735 2028 3801 bulum
2057 3758 2205 3801 voa-r
2245 3760 2330 3801 an
2357 3756 2522 3800 maes
2564 3735 2811 3821 (eamus
2841 3733 3133 3803 celeriter

190 3840 255 3905 in
288 3860 606 3927 campum,
652 3838 795 3923 rus)
839 3838 943 3919 28,
982 3839 1079 3902 17.
1167 3834 1556 3923 significans
1602 3858 1886 3904 causam:
1931 3860 2086 3903 voar
2113 3860 2175 3903 ee
2199 3859 2332 3924 pan
2372 3859 2438 3903 eo
2467 3860 2534 3902 oz
2562 3838 2796 3925 appetit
2839 3838 3131 3925 (propter

190 3942 356 4025 hoc,
420 3942 571 4028 quia
634 3949 735 4007 est
790 3948 1071 4007 vestrum
1128 3938 1553 4025 desiderium)
1614 3940 1713 4021 24,
1767 3941 1864 4004 17.
1943 3962 2056 4005 oar
2107 3962 2168 4003 ee
2223 3929 2494 4025 (‘ergo')
2548 3936 2733 4007 cath.
2788 3936 2925 4005 MJ.
2967 3940 3049 4005 47
3065 3940 3127 4006 b.-

190 4044 347 4109 682..
366 4044 409 4111 b
460 4050 579 4109 etc.

400 4142 741 4212 Ombrion
777 4164 821 4227 y
844 4162 939 4211 ar
978 4140 1327 4227 respondet
1370 4164 1561 4207 arem.
1608 4143 1789 4208 dinae·
1832 4140 2010 4226 (hod.
2043 4143 2299 4229 duom->2
2355 4166 2458 4211 sue
2498 4141 2715 4207 bilenet
2755 4142 2937 4207 dioar
2979 4151 3132 4207 etro

194 4246 429 4335 (agite,
477 4244 852 4327 nebulones,
900 4266 983 4309 ex
1027 4244 1165 4311 eius
1210 4242 1503 4327 circuitu,
1550 4242 1820 4329 vicinia)
1861 4240 2000 4309 MJ.
2034 4245 2113 4308 73
2125 4243 2187 4309 b.

366 4346 535 4417 Cum
577 4346 1067 4435 pronominibus
1128 4344 1375 4413 suffixis
1418 4344 1735 4433 exempla:
1792 4344 2032 4431 qallout
2083 4369 2158 4410 en
2199 4368 2262 4411 ee
2302 4345 2662 4429 oamousme
2715 4368 2824 4411 nez
2882 4368 2952 4411 ve
2991 4357 3134 4431 quet

194 4454 617 4539 (potestatem
656 4450 767 4517 hic
792 4449 875 4515 de
902 4470 1003 4514 me
1032 4471 1164 4515 non
1192 4445 1493 4530 haberes)
1522 4445 1657 4513 MJ.
1696 4449 1817 4513 113
1831 4470 1888 4512 a.
1945 4446 2102 4513 bezet
2147 4448 2368 4513 lamet.
2397 4498 2412 4513 .
2437 4497 2454 4511 .
2485 4470 2570 4513 an
2595 4468 2772 4513 marv
2815 4467 2966 4511 man
3006 4446 3133 4511 han

196 4554 361 4617 barn
386 4552 738 4635 dioamouf
771 4549 1089 4634 (dematur
1116 4549 1277 4616 haec
1304 4569 1476 4615 mors
1520 4557 1585 4614 et
1614 4548 1920 4616 iudicium
1949 4548 2029 4617 de
2053 4547 2186 4632 me)
2229 4549 2312 4615 65
2325 4572 2381 4615 ει.
2435 4548 2720 4635 sachomp
2761 4570 2934 4613 oarse
2975 4572 3017 4613 a
3045 4572 3133 4613 un

191 4654 373 4740 youll
408 4651 725 4738 omezas
740 4652 827 4717 oll
867 4650 1215 4736 (trahamus
1244 4652 1437 4739 igitur
1478 4674 1607 4718 uno
1640 4674 1961 4719 consensu
2007 4675 2089 4718 ex
2117 4673 2192 4719 eo
2221 4652 2477 4736 omnes)
2513 4650 2631 4715 136
2643 4651 2704 4716 1).
2759 4649 2975 4737 deomp
3017 4650 3132 4737 hep

188 4776 339 4822 mar
389 4756 477 4819 da
520 4753 716 4840 hom-y
770 4772 1034 4838 oarnezy
1089 4752 1341 4837 (eamus
1386 4754 1527 4821 sine
1571 4752 1764 4820 dubio
1808 4752 2020 4819 lusum
2065 4753 2143 4819 de
2189 4752 2296 4837 ea)
2344 4754 2461 4819 145
2473 4754 2536 4819 b.
2598 4754 2794 4839 peuda
2834 4754 2948 4818 doe
2987 4775 3132 4819 oar-

189 4857 433 4943 nochuy
488 4856 651 4943 (pax
694 4854 801 4923 dei
856 4876 1046 4941 super
1090 4855 1239 4949 vos)
1302 4856 1384 4921 50
1402 4879 1457 4921 a.
1524 4858 1597 4921 m‘
1648 4880 1691 4921 a
1730 4856 1902 4921 800}ae
1942 4876 2196 4922 oameze
2249 4854 2610 4940 (feriremus
2665 4854 2737 4919 in
2779 4853 2924 4940 eos)
2975 4854 3057 4920 72
3069 4855 3132 4920 b.

188 4960 367 5027 Hod.
408 4980 716 5025 warnoun
758 4957 986 5044 (super
1024 4978 1160 5038 me;
1200 4979 1345 5023 ven.
1376 4980 1595 5041 arnon,
1640 4956 1896 5041 arnan),
1941 4956 2308 5023 wau-nechea
2331 4955 2577 5043 (super
2618 4978 2790 5039 eum3
2838 4978 2981 5023 ven.
3025 4978 3132 5022 ar-

190 5062 443 5147 aenou),
485 5082 807 5147 wmomp
848 5062 1079 5147 (super
1119 5058 1273 5145 nos)
1320 5068 1440 5125 etc.

362 5160 549 5233 RAC
583 5161 696 5247 (cf.
724 5160 857 5230 hib.
887 5183 999 5228 ren
1022 5160 1084 5247 Ρ)
1110 5161 1462 5251 respondet
1487 5162 1596 5228 lut.
1626 5182 1857 5243 coram,
1873 5181 2055 5248 prae,
2085 5170 2318 5245 coum-a,
2355 5172 2636 5247 propter:
2679 5180 2794 5226 rac
2811 5159 2936 5247 pob
2958 5158 3138 5249 quall
