3717 5642
930 301 1050 367 VI.
1096 304 1154 369 2.
1230 321 1703 411 cpnsrnuc'mo
1748 326 2043 376 romum
2084 326 2520 377 summram.
2716 314 3026 379 (952-954)
3073 319 3192 379 967

266 491 372 547 tur
420 495 641 551 utrum
682 508 880 555 causa
922 489 1007 553 sit
1045 493 1359 557 recentior
1402 494 1837 579 transcriptio,
1903 518 1982 560 an
2035 497 2198 563 haec
2251 508 2429 563 tanta
2482 501 2789 567 sermonis
2842 504 3196 568 necessitas

262 598 325 649 et
372 600 737 656 structurae
782 590 1136 656 difficultas.
1226 594 1521 679 Propono
1568 598 1649 661 ob
1694 599 1998 661 maiorem
2047 599 2500 664 versiculorum
2546 602 3016 686 amplitudinem
3065 627 3197 670 ser-

260 702 417 753 vata
464 692 692 756 eadem
740 692 1073 774 divisione,
1121 717 1283 780 quae
1329 707 1427 760 est
1468 697 1536 759 in
1581 698 1875 781 editione,
1923 700 2218 785 strophas
2263 700 2582 786 proximas
2629 702 2784 769 duas
2830 705 2920 790 (p.
2968 707 3106 791 63):

1010 814 1019 889 Ι
1054 812 1311 888 Kayawc
1344 812 1353 888 Ι
1390 816 1718 889 cynhorawc
1750 815 1760 893 Ι
1793 836 1915 875 men
1952 838 1988 893 y
2023 818 2032 893 Ι
2069 818 2247 877 delhei

1010 906 1019 982 Ι
1055 909 1233 981 dtjffun
1272 908 1491 983 ymlaen
1532 909 1643 967 bun
1676 912 1687 986 Ι
1720 912 1846 968 med
1883 930 1920 969 a
1953 916 1963 980 Ι
1999 912 2202 971 dalhei.

1008 1001 1019 1074 Ι
1062 1002 1202 1061 Twu
1234 1003 1243 1077 Ι
1280 1004 1361 1061 tal
1395 1023 1431 1079 y
1466 1004 1475 1079 Ι
1508 1006 1733 1062 rodawr
1771 1024 1868 1061 ene
1905 1006 2106 1080 Iclywei

1002 1114 1121 1153 awr
1158 1116 1231 1171 ny
1265 1096 1274 1172 Ι
1309 1098 1471 1155 rodei
1509 1100 1681 1157 nawd
1717 1103 1882 1157 meint
1919 1100 2129 1175 dilynei

1000 1193 1061 1245 m‘
1099 1189 1295 1265 chilyei
1336 1210 1367 1249 o
1402 1191 1411 1269 Ι
1441 1193 1735 1267 qamhawn
1775 1212 1878 1269 eny
1917 1194 2070 1253 versi

997 1294 1139 1341 waec
1162 1284 1277 1341 mal
1302 1284 1493 1361 brwyn
1527 1286 1537 1364 Ι
1568 1288 1825 1363 qomynei
1859 1287 1870 1365 Ι
1900 1308 2062 1363 qur
2086 1298 2182 1363 nyt
2207 1289 2372 1347 achei.

998 1378 1121 1454 Nys
1158 1382 1401 1439 adrawd
1440 1377 1697 1439 Gododin
1736 1382 1970 1441 arllawr
2001 1382 2012 1458 Ι
2045 1384 2274 1441 Mordei

992 1492 1093 1531 rac
1123 1475 1315 1549 pebyll
1346 1475 1354 1550 Ι
1392 1473 1656 1534 Madame
1688 1496 1809 1551 pan
1849 1463 2100 1551 atcory'ei

984 1586 1182 1625 namen
1221 1589 1299 1625 un
1335 1588 1461 1645 ρων
1501 1589 1533 1627 ο
1570 1580 1709 1645 yant
1746 1589 1847 1645 ρης(
1891 1570 2089 1629 delhei.

1000 1726 1009 1788 ι
1044 1720 1291 1781 Kaeawc
1324 1723 1333 1800 Ι
1366 1723 1671 1799 kynnivyat
1704 1724 1714 1802 Ι
1747 1725 1960 1800 kywlat
1991 1725 2002 1801 Ι
2035 1732 2214 1803 srwyt

990 1816 1181 1889 ruthyr
1219 1836 1346 1892 eryr
1383 1838 1457 1893 yn
1500 1819 1630 1894 abyr
1662 1839 1779 1893 pan
1817 1821 1825 1894 Ι
1863 1821 2112 1897 lithiwyt.

992 1912 1053 1967 Ε
1086 1918 1239 1969 amot
1276 1932 1314 1970 a
1352 1934 1427 1970 vu
1466 1919 1567 1972 not
1606 1932 1643 1971 a
1676 1918 1689 1979 Ι
1716 1922 1934 1991 ,φαίπγῖ

986 2007 1149 2079 qwell
1185 2026 1223 2063 a
1265 2008 1487 2067 zonaeth
1527 2028 1554 2066 e
1595 2008 1839 2067 aruaeth
1881 2028 1954 2083 ny
1989 2008 1999 2085 Ι
2032 2010 2284 2088 qilywyt

990 2102 1114 2157 Rae
1155 2101 1315 2158 bediu
1352 2102 1361 2176 Ι
1404 2104 1625 2162 Ododin
1661 2104 1669 2179 Ι
1707 2103 2008 2179 odeckwyt.

989 2196 1157 2271 hyder
1193 2198 1429 2271 qymleell
1475 2218 1543 2255 ar
1576 2200 1585 2271 Ι
1620 2198 1845 2255 vree‘tlzel
1882 2199 1892 2273 Ι
1927 2206 2198 2277 vanawyt

986 2312 1061 2365 ny
1100 2294 1233 2349 nodi
1271 2313 1380 2349 nac
1414 2292 1423 2367 Ι
1456 2292 1637 2367 μερθίὴ
1677 2311 1789 2367 naq
1824 2292 1835 2367 Ι
1867 2299 2092 2369 ysywyt

986 2406 1059 2459 ny
1100 2387 1221 2443 ellir
1261 2395 1390 2443 anet
1428 2388 1831 2462 rylvaethpwyt

982 2500 1081 2537 rac
1119 2492 1273 2555 eryyt
1305 2482 1315 2557 Ι
1350 2478 1681 2546 emit-amcam
1714 2480 1725 2555 Ι
1761 2482 2017 2559 catwyt*

870 2624 1132 2683 “Caeauc
1170 2625 1289 2683 dux
1328 2642 1667 2701 quocunque
1709 2628 1978 2685 veniebat

860 2720 1145 2779 exanimis
1184 2739 1375 2779 coram
1415 2720 1631 2778 femina
1671 2721 1920 2779 mulsum
1960 2724 2209 2785 tenebat.

866 2814 1198 2873 Perforatus
1236 2814 1393 2873 frons
1434 2816 1579 2873 scuti
1620 2816 1763 2873 eius,
1846 2814 1993 2873 Cum
2033 2818 2306 2877 audiebat

860 2910 1188 2982 tumultum,
1230 2928 1341 2967 non
1371 2910 1545 2966 dabat
1571 2910 1819 2981 veniam,
1860 2926 2199 2986 quocunque
2225 2913 2571 2989 incurrebat,

860 3022 971 3060 non
1012 3003 1319 3061 recedebat
1358 3023 1390 3061 e
1429 3004 1666 3081 proeli0‚
1708 3004 1892 3061 donec
1929 3012 2188 3065 manaret

856 3098 1114 3173 sanguis3
1160 3106 1227 3155 ut
1263 3098 1462 3155 iuncos
1502 3098 1832 3155 succidebat
1872 3099 2041 3172 viros,
2081 3100 2182 3176 qui
2222 3120 2336 3159 non
2375 3102 2740 3161 recedebant.

856 3190 983 3249 Non
1024 3199 1304 3249 memorat
1344 3189 1683 3249 Gododinus
1721 3192 1779 3248 in
1821 3193 1942 3250 solo
1982 3194 2245 3268 Mordeii,

860 3304 998 3361 prae
1036 3287 1302 3345 tentoriis
1340 3284 1593 3342 Matauci
1633 3304 1761 3343 cum
1802 3286 2215 3361 revertebatur,

856 3378 969 3438 nisi
1008 3399 1187 3437 unum
1230 3400 1261 3436 e
1300 3385 1529 3436 centum
1570 3379 1712 3437 viris
1750 3380 1851 3455 qui
1891 3388 2186 3439 venerant.

854 3538 1081 3617 Caeauc
1120 3558 1469 3617 congressor,
1508 3541 1731 3617 patriae
1768 3541 1952 3615 hasta,

851 3635 1102 3711 impetus
1140 3635 1367 3711 aquilae
1407 3635 1467 3693 in
1508 3654 1803 3711 egressum
1841 3654 1970 3693 cum
2010 3636 2218 3695 allecta
2256 3641 2362 3696 est.

852 3728 992 3788 Eius
1034 3737 1262 3806 pactum
1302 3731 1413 3788 fuit
1450 3731 1679 3807 signum
1718 3731 1870 3805 quod
1911 3738 2202 3789 servatum
2241 3718 2370 3791 est.⁴

848 3824 1056 3881 melius
1096 3824 1335 3901 perfecit
1372 3826 1729 3901 propositum
1769 3844 1966 3896 suum;
2009 3844 2120 3883 non
2164 3832 2253 3883 est
2289 3842 2595 3883 recessum.

848 3918 1065 3979 Contra
1101 3918 1417 3977 exercitum
1458 3918 1749 3979 Gododini
1784 3920 2034 3977 insidiae
2073 3924 2324 3979 structae
2363 3926 2514 3978 sunt.

372 4099 390 4115 ⁹
440 4098 501 4150 111
536 4100 616 4152 his
646 4100 847 4151 duabus
881 4104 934 4152 et
969 4098 1173 4151 duabus
1208 4100 1543 4168 sequentibus
1578 4099 1804 4167 strophis
1828 4098 2162 4151 continentur
2196 4098 2374 4151 laudes
2397 4098 2495 4151 viri
2520 4097 2746 4149 bellicosi
2769 4100 2854 4151 cui
2881 4114 3068 4152 nomen
3091 4102 3172 4153 est

238 4166 466 4229 Caeauc,
506 4168 561 4220 in
584 4169 761 4237 primis
786 4168 1043 4231 celebrati,
1081 4183 1391 4237 quamquam
1416 4170 1528 4237 ipse
1552 4184 1755 4237 quoque
1790 4167 2052 4220 occumbit
2086 4168 2141 4219 in
2178 4166 2383 4235 proelio.
2440 4182 2550 4218 men
2585 4167 2618 4217 i.
2639 4182 2681 4219 e.
2718 4184 2839 4219 man
2872 4171 2935 4231 (=
2958 4172 3169 4236 mwen),

264 4252 333 4288 uo
368 4234 504 4298 loco,
539 4236 643 4291 ubi.
678 4234 891 4289 rodam·
927 4258 967 4280 z
1008 4237 1094 4289 lat.
1130 4238 1376 4299 rotarius,
1412 4252 1443 4289 a
1475 4235 1621 4299 rhod,
1657 4240 1783 4299 rota,
1821 4238 1853 4289 i.
1892 4252 1934 4289 e.
1973 4236 2188 4304 clipeus,
2225 4252 2257 4287 a
2291 4236 2452 4288 forma
2485 4235 2670 4287 dictus.
2744 4251 2918 4305 qam,
2963 4238 3166 4289 clamor.

232 4306 339 4426 2:351
339 4306 599 4441 ''zjss'sspui’
636 4305 1173 4442 pi‘ssss‘tssiiuffss'fss‘r’t
1192 4310 1650 4426 tes-‘iiiiffmw'fissssssz
1679 4322 1711 4358 ³
1724 4302 2606 4441 023300‘1'1’030‘0gffi525‘ffl‘ss’1’
2642 4310 3020 4426 mm&
3046 4305 3165 4426 ἕέἔὲιι

226 4444 362 4509 ρον-ι’,
404 4389 687 4495 revel-Q
722 4443 956 4511 patriam.
1035 4414 1237 4495 Mord'ei
1270 4414 1459 4495 nomen,
1488 4443 1723 4511 regionis,
1766 4413 2010 4493 Madaz'vc
2045 4458 2232 4493 nomen
2267 4442 2446 4511 reguli.

372 4509 679 4579 Qusnnivyat,
725 4512 861 4578 plur.
895 4512 1179 4580 cynniuyeit
1213 4510 1345 4564 Mab.
1372 4516 1419 4573 3,
1446 4516 1528 4575 96,
1554 4524 1863 4579 congressor,
1901 4514 2169 4579 pugnator.
2231 4518 2402 4579 ervom,
2439 4510 2604 4561 sudes.
2663 4509 2860 4579 mayr,
2893 4510 3168 4579 aggressiO,

230 4582 453 4634 invasio.
502 4578 737 4643 Nimiam,
777 4580 991 4643 allicere,
1028 4580 1327 4649 praesertim
1352 4595 1480 4633 esea.
1518 4586 1668 4641 amot,
1694 4580 1809 4632 hod.
1838 4578 2052 4641 ammod,
2078 4582 2306 4645 pactum,
2329 4578 2576 4631 condicio.
2635 4578 2916 4647 Sequentia
2933 4578 3169 4633 indicant

230 4652 403 4702 locum
448 4653 500 4701 et
544 4649 751 4701 modum
793 4650 1038 4701 interitus
1089 4649 1378 4711 bellatoris,
1434 4650 1587 4702 locati
1630 4651 1683 4700 in
1728 4648 1947 4699 insidiis,
2015 4644 2268 4715 yodeclzu,
2320 4646 2568 4701 insidiari.
2618 4646 2797 4715 hyda,
2845 4648 2878 4699 i.
2930 4664 2975 4700 e.
3018 4646 3166 4716 hydr.

232 4716 454 4787 ‹ymltell
487 4738 527 4761 z
559 4718 810 4786 cvm-pell,
835 4732 945 4770 com
984 4718 1149 4781 ellere,
1187 4733 1379 4785 urgere.
1430 4717 1671 4779 brathea,
1708 4730 2026 4789 congr-essm,
2051 4717 2317 4783 proelium,
2338 4716 2491 4767 etiam
2517 4716 2636 4767 alibi
2663 4717 2800 4784 apud
2824 4717 3166 4771 Aneurinum.

230 4786 459 4848 banlaau,
482 4786 819 4853 conspicuum
839 4732 1059 4839 reddere.
1112 4785 1252 4848 nodi,
1286 4790 1563 4855 protegere,
1589 4800 1904 4847 conservare,
1939 4784 2056 4838 hod.
2091 4782 2252 4835 noddi
2278 4802 2308 4837 a
2333 4784 2496 4837 subst.
2532 4784 2736 4837 nawdd.
2792 4800 2858 4854 ny
2879 4785 3012 4849 ellir,
3045 4800 3164 4837 con·

231 4856 527 4908 structione
568 4856 776 4922 passiva
818 4856 959 4907 verbi
990 4855 1141 4923 yallu
1175 4858 1245 4921 (p.
1285 4859 1420 4919 528),
1464 4871 1567 4908 non
1603 4859 1775 4921 potest
1808 4854 2021 4921 protegi.
2056 4860 2196 4915 anet,
2243 4854 2358 4905 hod.
2397 4850 2611 4907 amedd.
2662 4852 2994 4923 maetlapwyt‚
3045 4869 3164 4907 con-

228 4939 425 4993 gruens
460 4939 581 4977 cum
616 4924 789 4975 formis
824 4938 983 4992 supra
1016 4926 1088 4991 (p.
1128 4926 1248 4988 575)
1285 4924 1625 4987 enumeratis,
1675 4940 1707 4975 a
1742 4923 1894 4974 verbo
1930 4922 2130 4973 denom.
2173 4921 2389 4976 maechia.
2425 4928 2563 4991 erqyt
2582 4960 2597 4985 ‚
2631 4921 2750 4975 hod.
2787 4936 2843 4975 er
2908 4920 2958 4987 d,
2994 4923 3162 4991 plaga,

230 4995 404 5113 ictus&
446 4998 759 5059 catomum,
791 5008 959 5063 comp.
992 5006 1023 5044 e
1058 4998 1159 5057 cat,
1198 4992 1313 5045 hod.
1352 4991 1469 5053 cad,
1504 4996 1557 5047 et
1592 4992 1811 5053 hannon,
1850 4990 1964 5043 hod.
2003 4988 2190 5055 banau,
2225 4992 2513 5045 tumultus?
2549 4997 2755 5059 cahom,
2789 4990 2826 5045 h
2897 5030 2908 5040 .
2946 4988 3168 5061 cadwyd

230 5080 261 5114 a
295 5080 359 5114 ca
404 5078 454 5113 α.
2587 5077 2592 5086 ·
