<?xml version="1.0" encoding="UTF-8"?>
<!DOCTYPE html PUBLIC "-//W3C//DTD XHTML 1.0 Transitional//EN"
    "http://www.w3.org/TR/xhtml1/DTD/xhtml1-transitional.dtd">
<html xmlns="http://www.w3.org/1999/xhtml" xml:lang="en" lang="en">
 <head>
  <title>
</title>
<meta http-equiv="Content-Type" content="text/html;charset=utf-8" />
  <meta name='ocr-system' content='tesseract 3.04.00' />
  <meta name='ocr-capabilities' content='ocr_page ocr_carea ocr_par ocr_line ocrx_word'/>
</head>
<body>
  <div class='ocr_page' id='page_1' title='image "./grammaticacelti01ebelgoog_0553.png"; bbox 0 0 3717 5642; ppageno 0'>
   <div class='ocr_carea' id='block_1_1' title="bbox 782 382 3024 451">
    <p class='ocr_par' dir='ltr' id='par_1_1' title="bbox 782 382 3024 451">
     <span class='ocr_line' id='line_1_1' title="bbox 782 382 3024 451; baseline 0.001 -2"><span class='ocrx_word' id='word_1_1' title='bbox 782 382 893 449; x_wconf 89' lang='lat' dir='ltr'><strong>VI.</strong></span> <span class='ocrx_word' id='word_1_2' title='bbox 950 385 1005 447; x_wconf 81' lang='lat'><strong>2.</strong></span> <span class='ocrx_word' id='word_1_3' title='bbox 1080 398 1551 449; x_wconf 63' lang='lat' dir='ltr'><strong>consu-anemo</strong></span> <span class='ocrx_word' id='word_1_4' title='bbox 1592 398 1886 449; x_wconf 68' lang='lat' dir='ltr'><strong>romum</strong></span> <span class='ocrx_word' id='word_1_5' title='bbox 1929 402 2361 451; x_wconf 66' lang='lat' dir='ltr'><strong>amrmmoA,</strong></span> <span class='ocrx_word' id='word_1_6' title='bbox 2901 386 3024 451; x_wconf 83' lang='lat'><strong>975</strong></span> 
     </span>
    </p>
   </div>
   <div class='ocr_carea' id='block_1_2' title="bbox 146 568 3024 759">
    <p class='ocr_par' dir='ltr' id='par_1_2' title="bbox 146 568 3024 759">
     <span class='ocr_line' id='line_1_2' title="bbox 277 568 3024 657; baseline -0.001 -20"><span class='ocrx_word' id='word_1_7' title='bbox 277 572 573 637; x_wconf 78' lang='lat' dir='ltr'>Rariores</span> <span class='ocrx_word' id='word_1_8' title='bbox 603 578 753 635; x_wconf 87' lang='lat' dir='ltr'><strong>sunt</strong></span> <span class='ocrx_word' id='word_1_9' title='bbox 794 569 1089 657; x_wconf 78' lang='lat' dir='ltr'><strong>strophae</strong></span> <span class='ocrx_word' id='word_1_10' title='bbox 1120 592 1155 635; x_wconf 92' lang='lat' dir='ltr'><strong>e</strong></span> <span class='ocrx_word' id='word_1_11' title='bbox 1185 569 1376 635; x_wconf 87' lang='lat' dir='ltr'><strong>meris</strong></span> <span class='ocrx_word' id='word_1_12' title='bbox 1406 568 1743 633; x_wconf 81' lang='lat' dir='ltr'><strong>versiculis</strong></span> <span class='ocrx_word' id='word_1_13' title='bbox 1774 570 1880 635; x_wconf 84' lang='lat' dir='ltr'><strong>vel</strong></span> <span class='ocrx_word' id='word_1_14' title='bbox 1907 569 2328 637; x_wconf 77' lang='lat' dir='ltr'><strong>hemistichiis</strong></span> <span class='ocrx_word' id='word_1_15' title='bbox 2357 580 2799 655; x_wconf 83' lang='lat' dir='ltr'><strong>quaternarum</strong></span> <span class='ocrx_word' id='word_1_16' title='bbox 2830 568 3024 656; x_wconf 89' lang='lat' dir='ltr'><strong>sylla-</strong></span> 
     </span>
     <span class='ocr_line' id='line_1_3' title="bbox 146 672 898 759; baseline -0.007 -19"><span class='ocrx_word' id='word_1_17' title='bbox 146 678 325 740; x_wconf 83' lang='lat' dir='ltr'><strong>barum</strong></span> <span class='ocrx_word' id='word_1_18' title='bbox 368 672 781 759; x_wconf 85' lang='lat' dir='ltr'><strong>compositae,</strong></span> <span class='ocrx_word' id='word_1_19' title='bbox 831 682 898 736; x_wconf 89' lang='lat' dir='ltr'><strong>ut</strong></span> 
     </span>
    </p>
   </div>
   <div class='ocr_carea' id='block_1_3' title="bbox 582 804 2121 1355">
    <p class='ocr_par' dir='ltr' id='par_1_3' title="bbox 582 804 2121 1355">
     <span class='ocr_line' id='line_1_4' title="bbox 582 804 2096 883; baseline 0 -18"><span class='ocrx_word' id='word_1_20' title='bbox 582 806 647 865; x_wconf 85' lang='lat' dir='ltr'><strong>R.</strong></span> <span class='ocrx_word' id='word_1_21' title='bbox 690 808 802 865; x_wconf 85' lang='lat'><strong>875</strong></span> <span class='ocrx_word' id='word_1_22' title='bbox 842 824 967 881; x_wconf 86' lang='lat' dir='ltr'><strong>sqq.</strong></span> <span class='ocrx_word' id='word_1_23' title='bbox 1022 806 1079 862; x_wconf 84' lang='lat' dir='ltr'><strong><em>A</em></strong></span> <span class='ocrx_word' id='word_1_24' title='bbox 1118 826 1301 881; x_wconf 73' lang='lat' dir='ltr'><strong><em>vynyn</em></strong></span> <span class='ocrx_word' id='word_1_25' title='bbox 1342 804 1479 883; x_wconf 82' lang='lat' dir='ltr'><strong>ryth</strong></span> <span class='ocrx_word' id='word_1_26' title='bbox 1523 824 1535 837; x_wconf 91' lang='lat'><strong>·</strong></span> <span class='ocrx_word' id='word_1_27' title='bbox 1576 824 1653 861; x_wconf 80' lang='lat' dir='ltr'><strong>na</strong></span> <span class='ocrx_word' id='word_1_28' title='bbox 1694 805 1845 863; x_wconf 68' lang='lat' dir='ltr'><strong>zuche</strong></span> <span class='ocrx_word' id='word_1_29' title='bbox 1886 827 1956 883; x_wconf 70' lang='lat' dir='ltr'><strong>vy</strong></span> <span class='ocrx_word' id='word_1_30' title='bbox 1994 826 2096 865; x_wconf 77' lang='lat' dir='ltr'><strong>nes</strong></span> 
     </span>
     <span class='ocr_line' id='line_1_5' title="bbox 1022 898 2121 977; baseline 0.003 -20"><span class='ocrx_word' id='word_1_31' title='bbox 1022 918 1101 957; x_wconf 82' lang='lat' dir='ltr'><strong>na</strong></span> <span class='ocrx_word' id='word_1_32' title='bbox 1138 919 1215 957; x_wconf 80' lang='lat' dir='ltr'><strong>na</strong></span> <span class='ocrx_word' id='word_1_33' title='bbox 1252 919 1377 959; x_wconf 85' lang='lat' dir='ltr'><strong>wra</strong></span> <span class='ocrx_word' id='word_1_34' title='bbox 1413 898 1625 977; x_wconf 71' lang='lat' dir='ltr'><strong>ffl-uyth</strong></span> <span class='ocrx_word' id='word_1_35' title='bbox 1667 918 1681 932; x_wconf 92' lang='lat'><strong>·</strong></span> <span class='ocrx_word' id='word_1_36' title='bbox 1720 904 1870 973; x_wconf 81' lang='lat' dir='ltr'><strong>naso</strong></span> <span class='ocrx_word' id='word_1_37' title='bbox 1913 903 1998 959; x_wconf 74' lang='lat' dir='ltr'><strong>the</strong></span> <span class='ocrx_word' id='word_1_38' title='bbox 2039 904 2121 960; x_wconf 89' lang='lat' dir='ltr'><strong>les</strong></span> 
     </span>
     <span class='ocr_line' id='line_1_6' title="bbox 1102 994 1687 1071; baseline 0.002 -20"><span class='ocrx_word' id='word_1_39' title='bbox 1102 1014 1176 1069; x_wconf 72' lang='lat' dir='ltr'><strong>ny</strong></span> <span class='ocrx_word' id='word_1_40' title='bbox 1218 994 1393 1051; x_wconf 66' lang='lat' dir='ltr'><strong>thaath</strong></span> <span class='ocrx_word' id='word_1_41' title='bbox 1431 1014 1507 1053; x_wconf 75' lang='grc' dir='ltr'><strong>απ</strong></span> <span class='ocrx_word' id='word_1_42' title='bbox 1539 1014 1687 1071; x_wconf 82' lang='lat' dir='ltr'><strong>prys</strong></span> 
     </span>
     <span class='ocr_line' id='line_1_7' title="bbox 1029 1088 2082 1165; baseline 0.002 -20"><span class='ocrx_word' id='word_1_43' title='bbox 1029 1108 1088 1145; x_wconf 82' lang='lat' dir='ltr'><strong>er</strong></span> <span class='ocrx_word' id='word_1_44' title='bbox 1128 1108 1202 1145; x_wconf 80' lang='lat' dir='ltr'><strong>na</strong></span> <span class='ocrx_word' id='word_1_45' title='bbox 1240 1088 1422 1165; x_wconf 68' lang='lat' dir='ltr'>9312ny</span> <span class='ocrx_word' id='word_1_46' title='bbox 1460 1108 1473 1121; x_wconf 91' lang='lat'><strong>·</strong></span> <span class='ocrx_word' id='word_1_47' title='bbox 1513 1089 1633 1146; x_wconf 78' lang='lat' dir='ltr'><strong>then</strong></span> <span class='ocrx_word' id='word_1_48' title='bbox 1674 1092 1778 1163; x_wconf 75' lang='lat' dir='ltr'><strong>nes</strong></span> <span class='ocrx_word' id='word_1_49' title='bbox 1810 1089 1958 1147; x_wconf 71' lang='lat' dir='ltr'><strong>thu-m</strong></span> <span class='ocrx_word' id='word_1_50' title='bbox 1999 1099 2082 1147; x_wconf 78' lang='lat' dir='ltr'><strong>tas</strong></span> 
     </span>
     <span class='ocr_line' id='line_1_8' title="bbox 1026 1182 2075 1259; baseline 0 -18"><span class='ocrx_word' id='word_1_51' title='bbox 1026 1202 1153 1259; x_wconf 76' lang='lat' dir='ltr'><strong>may</strong></span> <span class='ocrx_word' id='word_1_52' title='bbox 1191 1182 1477 1259; x_wconf 74' lang='lat' dir='ltr'><strong>tewkyllyf</strong></span> <span class='ocrx_word' id='word_1_53' title='bbox 1513 1200 1525 1215; x_wconf 91' lang='lat'><strong>·</strong></span> <span class='ocrx_word' id='word_1_54' title='bbox 1568 1194 1687 1241; x_wconf 75' lang='lat' dir='ltr'><strong>arte</strong></span> <span class='ocrx_word' id='word_1_55' title='bbox 1730 1184 1876 1241; x_wconf 75' lang='lat' dir='ltr'><strong>thum</strong></span> <span class='ocrx_word' id='word_1_56' title='bbox 1912 1185 2075 1257; x_wconf 61' lang='lat' dir='ltr'><strong>‚qulas</strong></span> 
     </span>
     <span class='ocr_line' id='line_1_9' title="bbox 1106 1278 1653 1355; baseline 0.002 -20"><span class='ocrx_word' id='word_1_57' title='bbox 1106 1278 1190 1335; x_wconf 72' lang='lat' dir='ltr'><strong>the</strong></span> <span class='ocrx_word' id='word_1_58' title='bbox 1225 1296 1362 1353; x_wconf 71' lang='lat' dir='ltr'><strong>902ae</strong></span> <span class='ocrx_word' id='word_1_59' title='bbox 1399 1278 1653 1355; x_wconf 71' lang='lat' dir='ltr'><strong>worthys.</strong></span> 
     </span>
    </p>
   </div>
   <div class='ocr_carea' id='block_1_4' title="bbox 579 1404 1890 1481">
    <p class='ocr_par' dir='ltr' id='par_1_4' title="bbox 579 1404 1890 1481">
     <span class='ocr_line' id='line_1_10' title="bbox 579 1404 1890 1481; baseline 0 -16"><span class='ocrx_word' id='word_1_60' title='bbox 579 1408 651 1465; x_wconf 86' lang='grc' dir='ltr'><strong>Ο.</strong></span> <span class='ocrx_word' id='word_1_61' title='bbox 703 1408 845 1463; x_wconf 82' lang='grc'><strong>1305</strong></span> <span class='ocrx_word' id='word_1_62' title='bbox 887 1414 996 1463; x_wconf 88' lang='lat' dir='ltr'><strong>etc.</strong></span> <span class='ocrx_word' id='word_1_63' title='bbox 1046 1406 1171 1462; x_wconf 78' lang='lat' dir='ltr'><strong>Tan</strong></span> <span class='ocrx_word' id='word_1_64' title='bbox 1210 1404 1282 1461; x_wconf 78' lang='lat' dir='ltr'><strong>ha</strong></span> <span class='ocrx_word' id='word_1_65' title='bbox 1320 1404 1487 1462; x_wconf 70' lang='lat' dir='ltr'><strong>alethe</strong></span> <span class='ocrx_word' id='word_1_66' title='bbox 1532 1423 1545 1438; x_wconf 91' lang='lat'><strong>·</strong></span> <span class='ocrx_word' id='word_1_67' title='bbox 1584 1424 1713 1481; x_wconf 74' lang='lat' dir='ltr'><strong>yma</strong></span> <span class='ocrx_word' id='word_1_68' title='bbox 1748 1426 1890 1481; x_wconf 72' lang='lat' dir='ltr'><strong>qens</strong></span> 
     </span>
    </p>
   </div>
   <div class='ocr_carea' id='block_1_5' title="bbox 1040 1500 1920 1671">
    <p class='ocr_par' dir='ltr' id='par_1_5' title="bbox 1040 1500 1920 1671">
     <span class='ocr_line' id='line_1_11' title="bbox 1106 1500 1554 1575; baseline 0.004 -20"><span class='ocrx_word' id='word_1_69' title='bbox 1106 1500 1337 1573; x_wconf 74' lang='lat' dir='ltr'><strong>lemmyn</strong></span> <span class='ocrx_word' id='word_1_70' title='bbox 1370 1516 1554 1575; x_wconf 80' lang='lat' dir='ltr'><strong>parys</strong></span> 
     </span>
     <span class='ocr_line' id='line_1_12' title="bbox 1040 1592 1920 1671; baseline 0.005 -22"><span class='ocrx_word' id='word_1_71' title='bbox 1040 1592 1155 1649; x_wconf 80' lang='lat' dir='ltr'><strong>dun</strong></span> <span class='ocrx_word' id='word_1_72' title='bbox 1193 1593 1423 1649; x_wconf 82' lang='lat' dir='ltr'><strong>alemma</strong></span> <span class='ocrx_word' id='word_1_73' title='bbox 1462 1611 1476 1625; x_wconf 91' lang='lat'><strong>·</strong></span> <span class='ocrx_word' id='word_1_74' title='bbox 1516 1611 1623 1668; x_wconf 66' lang='lat' dir='ltr'><strong>ray</strong></span> <span class='ocrx_word' id='word_1_75' title='bbox 1662 1597 1920 1671; x_wconf 77' lang='lat' dir='ltr'><strong>offrynna</strong></span> 
     </span>
    </p>
   </div>
   <div class='ocr_carea' id='block_1_6' title="bbox 1110 1688 1589 1762">
    <p class='ocr_par' dir='ltr' id='par_1_6' title="bbox 1110 1688 1589 1762">
     <span class='ocr_line' id='line_1_13' title="bbox 1110 1688 1589 1762; baseline 0.004 -19"><span class='ocrx_word' id='word_1_76' title='bbox 1110 1706 1187 1743; x_wconf 80' lang='lat' dir='ltr'><strong>an</strong></span> <span class='ocrx_word' id='word_1_77' title='bbox 1224 1688 1501 1762; x_wconf 63' lang='lat' dir='ltr'><strong>sacryfys.</strong></span> <span class='ocrx_word' id='word_1_78' title='bbox 1570 1736 1589 1753; x_wconf 62' lang='grc'>,</span> 
     </span>
    </p>
   </div>
   <div class='ocr_carea' id='block_1_7' title="bbox 566 1814 2098 2173">
    <p class='ocr_par' dir='ltr' id='par_1_7' title="bbox 566 1814 2098 2173">
     <span class='ocr_line' id='line_1_14' title="bbox 566 1814 2052 1893; baseline -0.001 -19"><span class='ocrx_word' id='word_1_79' title='bbox 566 1816 632 1875; x_wconf 89' lang='grc' dir='ltr'><strong>Ο.</strong></span> <span class='ocrx_word' id='word_1_80' title='bbox 682 1816 822 1873; x_wconf 86' lang='grc'><strong>1907</strong></span> <span class='ocrx_word' id='word_1_81' title='bbox 865 1832 987 1890; x_wconf 89' lang='lat' dir='ltr'><strong>sqq.</strong></span> <span class='ocrx_word' id='word_1_82' title='bbox 1036 1814 1119 1871; x_wconf 89' lang='lat' dir='ltr'><strong>Ov</strong></span> <span class='ocrx_word' id='word_1_83' title='bbox 1158 1814 1341 1871; x_wconf 71' lang='lat' dir='ltr'><strong>arlutlz</strong></span> <span class='ocrx_word' id='word_1_84' title='bbox 1382 1814 1485 1871; x_wconf 79' lang='lat' dir='ltr'><strong>ker</strong></span> <span class='ocrx_word' id='word_1_85' title='bbox 1525 1834 1538 1846; x_wconf 94' lang='lat'><strong>·</strong></span> <span class='ocrx_word' id='word_1_86' title='bbox 1579 1833 1657 1871; x_wconf 80' lang='lat' dir='ltr'><strong>na</strong></span> <span class='ocrx_word' id='word_1_87' title='bbox 1694 1816 1823 1891; x_wconf 71' lang='lat' dir='ltr'><strong>vytlz</strong></span> <span class='ocrx_word' id='word_1_88' title='bbox 1863 1834 2052 1893; x_wconf 74' lang='lat' dir='ltr'><strong>serrys</strong></span> 
     </span>
     <span class='ocr_line' id='line_1_15' title="bbox 1032 1908 2067 1986; baseline 0.002 -21"><span class='ocrx_word' id='word_1_89' title='bbox 1032 1908 1227 1966; x_wconf 74' lang='lat' dir='ltr'><strong>kettoth</strong></span> <span class='ocrx_word' id='word_1_90' title='bbox 1267 1928 1343 1965; x_wconf 76' lang='lat' dir='ltr'><strong>an</strong></span> <span class='ocrx_word' id='word_1_91' title='bbox 1379 1927 1483 1981; x_wconf 83' lang='lat' dir='ltr'><strong>9er</strong></span> <span class='ocrx_word' id='word_1_92' title='bbox 1525 1927 1538 1940; x_wconf 92' lang='lat'><strong>·</strong></span> <span class='ocrx_word' id='word_1_93' title='bbox 1578 1928 1667 1984; x_wconf 77' lang='lat' dir='ltr'><strong>my</strong></span> <span class='ocrx_word' id='word_1_94' title='bbox 1706 1929 1743 1967; x_wconf 85' lang='lat' dir='ltr'><strong>a</strong></span> <span class='ocrx_word' id='word_1_95' title='bbox 1780 1911 1904 1966; x_wconf 73' lang='lat' dir='ltr'><strong>thue</strong></span> <span class='ocrx_word' id='word_1_96' title='bbox 1945 1908 2067 1986; x_wconf 77' lang='lat' dir='ltr'><strong>thys</strong></span> 
     </span>
     <span class='ocr_line' id='line_1_16' title="bbox 1034 2002 2096 2079; baseline 0.004 -22"><span class='ocrx_word' id='word_1_97' title='bbox 1034 2022 1107 2079; x_wconf 71' lang='lat' dir='ltr'><strong>yn</strong></span> <span class='ocrx_word' id='word_1_98' title='bbox 1140 2021 1265 2077; x_wconf 77' lang='lat' dir='ltr'><strong>pap</strong></span> <span class='ocrx_word' id='word_1_99' title='bbox 1304 2002 1458 2059; x_wconf 86' lang='lat' dir='ltr'><strong>teller</strong></span> <span class='ocrx_word' id='word_1_100' title='bbox 1501 2021 1514 2033; x_wconf 95' lang='lat'><strong>·</strong></span> <span class='ocrx_word' id='word_1_101' title='bbox 1552 2003 1699 2077; x_wconf 72' lang='lat' dir='ltr'><strong>thym</strong></span> <span class='ocrx_word' id='word_1_102' title='bbox 1734 2022 1864 2079; x_wconf 71' lang='lat' dir='ltr'><strong>may</strong></span> <span class='ocrx_word' id='word_1_103' title='bbox 1889 2006 1964 2077; x_wconf 83' lang='lat' dir='ltr'><strong>J&#39;o</strong></span> <span class='ocrx_word' id='word_1_104' title='bbox 2001 2021 2096 2061; x_wconf 84' lang='lat' dir='ltr'><strong>res</strong></span> 
     </span>
     <span class='ocr_line' id='line_1_17' title="bbox 1028 2096 2098 2173; baseline 0.001 -20"><span class='ocrx_word' id='word_1_105' title='bbox 1028 2106 1188 2171; x_wconf 78' lang='lat' dir='ltr'><strong>prest</strong></span> <span class='ocrx_word' id='word_1_106' title='bbox 1224 2096 1327 2171; x_wconf 76' lang='lat' dir='ltr'><strong>hep</strong></span> <span class='ocrx_word' id='word_1_107' title='bbox 1366 2096 1583 2171; x_wconf 75' lang='lat' dir='ltr'><strong>danqer</strong></span> <span class='ocrx_word' id='word_1_108' title='bbox 1624 2115 1637 2129; x_wconf 94' lang='lat'><strong>·</strong></span> <span class='ocrx_word' id='word_1_109' title='bbox 1678 2096 1872 2170; x_wconf 71' lang='lat' dir='ltr'><strong>vethaf</strong></span> <span class='ocrx_word' id='word_1_110' title='bbox 1901 2116 2098 2173; x_wconf 84' lang='lat' dir='ltr'><strong>parys.</strong></span> 
     </span>
    </p>
   </div>
   <div class='ocr_carea' id='block_1_8' title="bbox 110 2223 3052 4240">
    <p class='ocr_par' dir='ltr' id='par_1_8' title="bbox 136 2223 3036 2395">
     <span class='ocr_line' id='line_1_18' title="bbox 286 2223 3036 2311; baseline -0.002 -16"><span class='ocrx_word' id='word_1_111' title='bbox 286 2227 584 2295; x_wconf 88' lang='lat' dir='ltr'><strong>Ceterum</strong></span> <span class='ocrx_word' id='word_1_112' title='bbox 636 2226 1046 2291; x_wconf 82' lang='lat' dir='ltr'><strong>inveniuntur</strong></span> <span class='ocrx_word' id='word_1_113' title='bbox 1100 2223 1397 2307; x_wconf 78' lang='lat' dir='ltr'><strong>strophae</strong></span> <span class='ocrx_word' id='word_1_114' title='bbox 1440 2224 1648 2309; x_wconf 81' lang='lat' dir='ltr'><strong>magis</strong></span> <span class='ocrx_word' id='word_1_115' title='bbox 1694 2226 2076 2290; x_wconf 87' lang='lat' dir='ltr'><strong>artificiosae</strong></span> <span class='ocrx_word' id='word_1_116' title='bbox 2118 2225 2222 2290; x_wconf 81' lang='lat' dir='ltr'><strong>vel</strong></span> <span class='ocrx_word' id='word_1_117' title='bbox 2270 2226 2476 2291; x_wconf 82' lang='lat' dir='ltr'><strong>minus</strong></span> <span class='ocrx_word' id='word_1_118' title='bbox 2527 2226 2852 2311; x_wconf 83' lang='lat' dir='ltr'><strong>regulares</strong></span> <span class='ocrx_word' id='word_1_119' title='bbox 2895 2248 3036 2291; x_wconf 90' lang='lat' dir='ltr'><strong>cum</strong></span> 
     </span>
     <span class='ocr_line' id='line_1_19' title="bbox 136 2326 1304 2395; baseline -0.004 -1"><span class='ocrx_word' id='word_1_120' title='bbox 136 2332 191 2393; x_wconf 90' lang='lat' dir='ltr'><strong>in</strong></span> <span class='ocrx_word' id='word_1_121' title='bbox 232 2330 341 2395; x_wconf 87' lang='lat' dir='ltr'><strong>Dr.</strong></span> <span class='ocrx_word' id='word_1_122' title='bbox 386 2342 521 2395; x_wconf 87' lang='lat' dir='ltr'><strong>tum</strong></span> <span class='ocrx_word' id='word_1_123' title='bbox 565 2329 633 2393; x_wconf 86' lang='lat' dir='ltr'><strong>in</strong></span> <span class='ocrx_word' id='word_1_124' title='bbox 679 2326 778 2392; x_wconf 89' lang='lat' dir='ltr'><strong>Cr.</strong></span> <span class='ocrx_word' id='word_1_125' title='bbox 1289 2374 1304 2389; x_wconf 88' lang='lat'><strong>.</strong></span> 
     </span>
    </p>

    <p class='ocr_par' dir='ltr' id='par_1_9' title="bbox 110 2426 3052 4240">
     <span class='ocr_line' id='line_1_20' title="bbox 284 2426 3037 2513; baseline -0.001 -16"><span class='ocrx_word' id='word_1_126' title='bbox 284 2430 492 2497; x_wconf 88' lang='lat' dir='ltr'><strong>Multo</strong></span> <span class='ocrx_word' id='word_1_127' title='bbox 535 2452 687 2495; x_wconf 81' lang='lat' dir='ltr'><strong>vero</strong></span> <span class='ocrx_word' id='word_1_128' title='bbox 730 2430 968 2494; x_wconf 87' lang='lat' dir='ltr'><strong>maiore</strong></span> <span class='ocrx_word' id='word_1_129' title='bbox 1012 2426 1279 2493; x_wconf 87' lang='lat' dir='ltr'><strong>artificio</strong></span> <span class='ocrx_word' id='word_1_130' title='bbox 1311 2437 1675 2493; x_wconf 85' lang='lat' dir='ltr'><strong>constructa</strong></span> <span class='ocrx_word' id='word_1_131' title='bbox 1718 2438 1868 2493; x_wconf 85' lang='lat' dir='ltr'><strong>sunt</strong></span> <span class='ocrx_word' id='word_1_132' title='bbox 1911 2427 2338 2492; x_wconf 89' lang='lat' dir='ltr'><strong>aremorica</strong></span> <span class='ocrx_word' id='word_1_133' title='bbox 2380 2428 2658 2492; x_wconf 83' lang='lat' dir='ltr'><strong>earmina</strong></span> <span class='ocrx_word' id='word_1_134' title='bbox 2687 2428 2829 2508; x_wconf 87' lang='lat' dir='ltr'><strong>du0,</strong></span> <span class='ocrx_word' id='word_1_135' title='bbox 2876 2450 3037 2513; x_wconf 89' lang='lat' dir='ltr'><strong>quae</strong></span> 
     </span>
     <span class='ocr_line' id='line_1_21' title="bbox 132 2529 3038 2615; baseline -0.001 -19"><span class='ocrx_word' id='word_1_136' title='bbox 132 2534 259 2598; x_wconf 83' lang='lat' dir='ltr'><strong>sola</strong></span> <span class='ocrx_word' id='word_1_137' title='bbox 298 2534 509 2598; x_wconf 88' lang='lat' dir='ltr'><strong>adhuc</strong></span> <span class='ocrx_word' id='word_1_138' title='bbox 566 2532 738 2596; x_wconf 90' lang='lat' dir='ltr'><strong>edita</strong></span> <span class='ocrx_word' id='word_1_139' title='bbox 791 2552 935 2596; x_wconf 90' lang='lat' dir='ltr'><strong>esse</strong></span> <span class='ocrx_word' id='word_1_140' title='bbox 993 2530 1276 2595; x_wconf 86' lang='lat' dir='ltr'><strong>dolemus</strong></span> <span class='ocrx_word' id='word_1_141' title='bbox 1322 2553 1355 2594; x_wconf 89' lang='lat' dir='ltr'><strong>e</strong></span> <span class='ocrx_word' id='word_1_142' title='bbox 1399 2552 1661 2594; x_wconf 86' lang='lat' dir='ltr'><strong>numero</strong></span> <span class='ocrx_word' id='word_1_143' title='bbox 1718 2550 1932 2593; x_wconf 87' lang='lat' dir='ltr'><strong>eorum</strong></span> <span class='ocrx_word' id='word_1_144' title='bbox 1989 2552 2148 2615; x_wconf 87' lang='lat' dir='ltr'><strong>quae</strong></span> <span class='ocrx_word' id='word_1_145' title='bbox 2207 2551 2546 2615; x_wconf 87' lang='lat' dir='ltr'><strong>superesse</strong></span> <span class='ocrx_word' id='word_1_146' title='bbox 2593 2530 2902 2610; x_wconf 82' lang='lat' dir='ltr'><strong>dicuntur,</strong></span> <span class='ocrx_word' id='word_1_147' title='bbox 2947 2529 3038 2593; x_wconf 90' lang='lat' dir='ltr'><strong>fa-</strong></span> 
     </span>
     <span class='ocr_line' id='line_1_22' title="bbox 130 2628 3038 2721; baseline -0.001 -23"><span class='ocrx_word' id='word_1_148' title='bbox 130 2636 299 2700; x_wconf 84' lang='lat' dir='ltr'><strong>bulae</strong></span> <span class='ocrx_word' id='word_1_149' title='bbox 352 2636 433 2700; x_wconf 92' lang='lat' dir='ltr'><strong>de</strong></span> <span class='ocrx_word' id='word_1_150' title='bbox 488 2633 791 2721; x_wconf 81' lang='lat' dir='ltr'><strong>passione</strong></span> <span class='ocrx_word' id='word_1_151' title='bbox 836 2646 900 2697; x_wconf 90' lang='lat' dir='ltr'><strong>et</strong></span> <span class='ocrx_word' id='word_1_152' title='bbox 940 2632 1397 2698; x_wconf 86' lang='lat' dir='ltr'><strong>resurrectione</strong></span> <span class='ocrx_word' id='word_1_153' title='bbox 1456 2628 1696 2697; x_wconf 79' lang='lat' dir='ltr'><strong>Christi</strong></span> <span class='ocrx_word' id='word_1_154' title='bbox 1741 2630 1866 2716; x_wconf 83' lang='lat' dir='ltr'><strong>(Le</strong></span> <span class='ocrx_word' id='word_1_155' title='bbox 1905 2634 2117 2715; x_wconf 72' lang='lat' dir='ltr'><strong>qrand</strong></span> <span class='ocrx_word' id='word_1_156' title='bbox 2161 2632 2421 2715; x_wconf 46' lang='lat' dir='ltr'><strong>Mys-ciere</strong></span> <span class='ocrx_word' id='word_1_157' title='bbox 2463 2633 2536 2693; x_wconf 78' lang='lat' dir='ltr'><strong>de</strong></span> <span class='ocrx_word' id='word_1_158' title='bbox 2578 2631 2785 2714; x_wconf 67' lang='lat' dir='ltr'><strong>Je&#39;sus)</strong></span> <span class='ocrx_word' id='word_1_159' title='bbox 2840 2652 2916 2695; x_wconf 88' lang='lat' dir='ltr'><strong>ac</strong></span> <span class='ocrx_word' id='word_1_160' title='bbox 2957 2630 3038 2695; x_wconf 90' lang='lat' dir='ltr'><strong>de</strong></span> 
     </span>
     <span class='ocr_line' id='line_1_23' title="bbox 132 2729 3042 2817; baseline -0.001 -18"><span class='ocrx_word' id='word_1_161' title='bbox 132 2738 251 2801; x_wconf 82' lang='lat' dir='ltr'><strong>vita</strong></span> <span class='ocrx_word' id='word_1_162' title='bbox 292 2737 357 2801; x_wconf 90' lang='lat' dir='ltr'><strong>S.</strong></span> <span class='ocrx_word' id='word_1_163' title='bbox 390 2734 668 2801; x_wconf 85' lang='lat' dir='ltr'><strong>Nonitae</strong></span> <span class='ocrx_word' id='word_1_164' title='bbox 717 2752 779 2799; x_wconf 83' lang='lat' dir='ltr'><strong>et</strong></span> <span class='ocrx_word' id='word_1_165' title='bbox 822 2733 937 2798; x_wconf 87' lang='lat' dir='ltr'><strong>filii</strong></span> <span class='ocrx_word' id='word_1_166' title='bbox 982 2733 1118 2798; x_wconf 89' lang='lat' dir='ltr'><strong>eius</strong></span> <span class='ocrx_word' id='word_1_167' title='bbox 1161 2732 1505 2817; x_wconf 85' lang='lat' dir='ltr'><strong>Davidagii</strong></span> <span class='ocrx_word' id='word_1_168' title='bbox 1550 2732 1788 2816; x_wconf 67' lang='lat' dir='ltr'><strong>(Bulzet</strong></span> <span class='ocrx_word' id='word_1_169' title='bbox 1836 2729 2058 2797; x_wconf 69' lang='lat' dir='ltr'><strong>Same:</strong></span> <span class='ocrx_word' id='word_1_170' title='bbox 2105 2732 2330 2815; x_wconf 77' lang='lat' dir='ltr'><strong>Noun).</strong></span> <span class='ocrx_word' id='word_1_171' title='bbox 2419 2729 2602 2813; x_wconf 83' lang='lat' dir='ltr'><strong>Quae</strong></span> <span class='ocrx_word' id='word_1_172' title='bbox 2647 2734 2767 2797; x_wconf 89' lang='lat' dir='ltr'><strong>etsi</strong></span> <span class='ocrx_word' id='word_1_173' title='bbox 2811 2731 3042 2797; x_wconf 88' lang='lat' dir='ltr'><strong>allitte-</strong></span> 
     </span>
     <span class='ocr_line' id='line_1_24' title="bbox 132 2834 3046 2923; baseline 0 -24"><span class='ocrx_word' id='word_1_174' title='bbox 132 2839 363 2903; x_wconf 84' lang='lat' dir='ltr'><strong>ratione</strong></span> <span class='ocrx_word' id='word_1_175' title='bbox 428 2838 577 2923; x_wconf 86' lang='lat' dir='ltr'><strong>ipsa</strong></span> <span class='ocrx_word' id='word_1_176' title='bbox 642 2857 894 2922; x_wconf 86' lang='lat' dir='ltr'><strong>quoque</strong></span> <span class='ocrx_word' id='word_1_177' title='bbox 957 2844 1175 2899; x_wconf 81' lang='lat' dir='ltr'><strong>carent</strong></span> <span class='ocrx_word' id='word_1_178' title='bbox 1225 2834 1413 2913; x_wconf 86' lang='lat' dir='ltr'><strong>ade0,</strong></span> <span class='ocrx_word' id='word_1_179' title='bbox 1482 2843 1550 2897; x_wconf 91' lang='lat' dir='ltr'><strong>ut</strong></span> <span class='ocrx_word' id='word_1_180' title='bbox 1604 2856 1807 2920; x_wconf 86' lang='lat' dir='ltr'><strong>pauca</strong></span> <span class='ocrx_word' id='word_1_181' title='bbox 1860 2855 2022 2917; x_wconf 87' lang='lat' dir='ltr'><strong>quae</strong></span> <span class='ocrx_word' id='word_1_182' title='bbox 2088 2834 2496 2899; x_wconf 85' lang='lat' dir='ltr'><strong>inveniuntur</strong></span> <span class='ocrx_word' id='word_1_183' title='bbox 2553 2834 2687 2899; x_wconf 89' lang='lat' dir='ltr'><strong>eius</strong></span> <span class='ocrx_word' id='word_1_184' title='bbox 2755 2835 3046 2919; x_wconf 84' lang='lat' dir='ltr'><strong>exempla</strong></span> 
     </span>
     <span class='ocr_line' id='line_1_25' title="bbox 130 2934 3046 3023; baseline -0 -23"><span class='ocrx_word' id='word_1_185' title='bbox 130 2938 372 3002; x_wconf 85' lang='lat' dir='ltr'><strong>fortuito</strong></span> <span class='ocrx_word' id='word_1_186' title='bbox 418 2937 638 3023; x_wconf 87' lang='lat' dir='ltr'><strong>potius</strong></span> <span class='ocrx_word' id='word_1_187' title='bbox 695 2958 879 3022; x_wconf 86' lang='lat' dir='ltr'><strong>quam</strong></span> <span class='ocrx_word' id='word_1_188' title='bbox 933 2934 1222 3001; x_wconf 89' lang='lat' dir='ltr'><strong>consulto</strong></span> <span class='ocrx_word' id='word_1_189' title='bbox 1277 2934 1593 3001; x_wconf 87' lang='lat' dir='ltr'><strong>accidisse</strong></span> <span class='ocrx_word' id='word_1_190' title='bbox 1634 2935 1998 3016; x_wconf 82' lang='lat' dir='ltr'><strong>videantur,</strong></span> <span class='ocrx_word' id='word_1_191' title='bbox 2047 2936 2467 3001; x_wconf 85' lang='lat' dir='ltr'><strong>consonantia</strong></span> <span class='ocrx_word' id='word_1_192' title='bbox 2509 2947 2720 3001; x_wconf 87' lang='lat' dir='ltr'><strong>tamen</strong></span> <span class='ocrx_word' id='word_1_193' title='bbox 2765 2936 3046 3021; x_wconf 86' lang='lat' dir='ltr'><strong>(semper</strong></span> 
     </span>
     <span class='ocr_line' id='line_1_26' title="bbox 134 3035 3044 3125; baseline -0 -23"><span class='ocrx_word' id='word_1_194' title='bbox 134 3038 602 3125; x_wconf 86' lang='lat' dir='ltr'><strong>monosyllaba)</strong></span> <span class='ocrx_word' id='word_1_195' title='bbox 661 3037 989 3102; x_wconf 88' lang='lat' dir='ltr'><strong>abundant</strong></span> <span class='ocrx_word' id='word_1_196' title='bbox 1042 3058 1172 3100; x_wconf 90' lang='lat' dir='ltr'><strong>non</strong></span> <span class='ocrx_word' id='word_1_197' title='bbox 1224 3035 1409 3100; x_wconf 91' lang='lat' dir='ltr'><strong>modo</strong></span> <span class='ocrx_word' id='word_1_198' title='bbox 1453 3037 1793 3118; x_wconf 84' lang='lat' dir='ltr'><strong>terminali,</strong></span> <span class='ocrx_word' id='word_1_199' title='bbox 1854 3037 1970 3102; x_wconf 90' lang='lat' dir='ltr'><strong>sed</strong></span> <span class='ocrx_word' id='word_1_200' title='bbox 2016 3037 2206 3102; x_wconf 88' lang='lat' dir='ltr'><strong>etiam</strong></span> <span class='ocrx_word' id='word_1_201' title='bbox 2251 3036 2492 3101; x_wconf 85' lang='lat' dir='ltr'><strong>laterali</strong></span> <span class='ocrx_word' id='word_1_202' title='bbox 2548 3048 2734 3123; x_wconf 88' lang='lat' dir='ltr'><strong>atque</strong></span> <span class='ocrx_word' id='word_1_203' title='bbox 2778 3037 3044 3103; x_wconf 84' lang='lat' dir='ltr'><strong>interna.</strong></span> 
     </span>
     <span class='ocr_line' id='line_1_27' title="bbox 128 3136 3047 3225; baseline -0.001 -20"><span class='ocrx_word' id='word_1_204' title='bbox 128 3138 279 3205; x_wconf 84' lang='lat' dir='ltr'><strong>Cum</strong></span> <span class='ocrx_word' id='word_1_205' title='bbox 326 3140 504 3206; x_wconf 88' lang='lat' dir='ltr'><strong>enim</strong></span> <span class='ocrx_word' id='word_1_206' title='bbox 546 3139 612 3203; x_wconf 92' lang='lat' dir='ltr'><strong>in</strong></span> <span class='ocrx_word' id='word_1_207' title='bbox 658 3148 923 3222; x_wconf 88' lang='lat' dir='ltr'><strong>utroque</strong></span> <span class='ocrx_word' id='word_1_208' title='bbox 969 3136 1243 3201; x_wconf 83' lang='lat' dir='ltr'><strong>carmine</strong></span> <span class='ocrx_word' id='word_1_209' title='bbox 1290 3136 1523 3223; x_wconf 84' lang='lat' dir='ltr'><strong>duplex</strong></span> <span class='ocrx_word' id='word_1_210' title='bbox 1566 3138 1971 3225; x_wconf 89' lang='lat' dir='ltr'><strong>potissimum</strong></span> <span class='ocrx_word' id='word_1_211' title='bbox 2016 3140 2102 3203; x_wconf 86' lang='lat' dir='ltr'><strong>sit</strong></span> <span class='ocrx_word' id='word_1_212' title='bbox 2145 3137 2542 3224; x_wconf 81' lang='lat' dir='ltr'><strong>stropharum</strong></span> <span class='ocrx_word' id='word_1_213' title='bbox 2585 3162 2807 3225; x_wconf 82' lang='lat' dir='ltr'><strong>genus,</strong></span> <span class='ocrx_word' id='word_1_214' title='bbox 2853 3163 3047 3203; x_wconf 89' lang='lat' dir='ltr'><strong>unum</strong></span> 
     </span>
     <span class='ocr_line' id='line_1_28' title="bbox 124 3239 3046 3328; baseline 0 -23"><span class='ocrx_word' id='word_1_215' title='bbox 124 3242 185 3305; x_wconf 85' lang='lat' dir='ltr'><strong>in</strong></span> <span class='ocrx_word' id='word_1_216' title='bbox 242 3264 369 3328; x_wconf 89' lang='lat' dir='ltr'><strong>quo</strong></span> <span class='ocrx_word' id='word_1_217' title='bbox 428 3241 719 3327; x_wconf 78' lang='lat' dir='ltr'><strong>quaterni</strong></span> <span class='ocrx_word' id='word_1_218' title='bbox 776 3240 907 3305; x_wconf 88' lang='lat' dir='ltr'><strong>fere</strong></span> <span class='ocrx_word' id='word_1_219' title='bbox 963 3260 1187 3305; x_wconf 86' lang='lat' dir='ltr'><strong>versus</strong></span> <span class='ocrx_word' id='word_1_220' title='bbox 1244 3239 1665 3303; x_wconf 83' lang='lat' dir='ltr'><strong>consonantia</strong></span> <span class='ocrx_word' id='word_1_221' title='bbox 1708 3242 2078 3306; x_wconf 77' lang='lat' dir='ltr'><strong>continuata</strong></span> <span class='ocrx_word' id='word_1_222' title='bbox 2121 3240 2616 3325; x_wconf 85' lang='lat' dir='ltr'><strong>coniunguntur,</strong></span> <span class='ocrx_word' id='word_1_223' title='bbox 2674 3240 2936 3307; x_wconf 88' lang='lat' dir='ltr'><strong>alterum</strong></span> <span class='ocrx_word' id='word_1_224' title='bbox 2979 3242 3046 3305; x_wconf 90' lang='lat' dir='ltr'><strong>in</strong></span> 
     </span>
     <span class='ocr_line' id='line_1_29' title="bbox 122 3333 3048 3429; baseline 0.001 -24"><span class='ocrx_word' id='word_1_225' title='bbox 122 3365 239 3427; x_wconf 91' lang='lat' dir='ltr'><strong>quo</strong></span> <span class='ocrx_word' id='word_1_226' title='bbox 295 3354 755 3429; x_wconf 86' lang='lat' dir='ltr'><strong>quaternorum</strong></span> <span class='ocrx_word' id='word_1_227' title='bbox 810 3333 1103 3407; x_wconf 77' lang='lat' dir='ltr'><strong>versuum</strong></span> <span class='ocrx_word' id='word_1_228' title='bbox 1157 3340 1473 3406; x_wconf 74' lang='lat' dir='ltr'><strong>secun‘dus</strong></span> <span class='ocrx_word' id='word_1_229' title='bbox 1543 3340 1815 3427; x_wconf 90' lang='lat' dir='ltr'><strong>quisque</strong></span> <span class='ocrx_word' id='word_1_230' title='bbox 1880 3342 2160 3407; x_wconf 82' lang='lat' dir='ltr'><strong>concinit</strong></span> <span class='ocrx_word' id='word_1_231' title='bbox 2215 3364 2359 3405; x_wconf 89' lang='lat' dir='ltr'><strong>cum</strong></span> <span class='ocrx_word' id='word_1_232' title='bbox 2426 3352 2678 3426; x_wconf 80' lang='lat' dir='ltr'><strong>quarto,</strong></span> <span class='ocrx_word' id='word_1_233' title='bbox 2750 3366 3048 3409; x_wconf 88' lang='lat' dir='ltr'><strong>senorum</strong></span> 
     </span>
     <span class='ocr_line' id='line_1_30' title="bbox 118 3442 3047 3530; baseline 0 -22"><span class='ocrx_word' id='word_1_234' title='bbox 118 3443 355 3529; x_wconf 87' lang='lat' dir='ltr'><strong>primus</strong></span> <span class='ocrx_word' id='word_1_235' title='bbox 420 3464 568 3509; x_wconf 88' lang='lat' dir='ltr'><strong>cum</strong></span> <span class='ocrx_word' id='word_1_236' title='bbox 622 3442 931 3521; x_wconf 84' lang='lat' dir='ltr'><strong>secundo,</strong></span> <span class='ocrx_word' id='word_1_237' title='bbox 974 3450 1234 3528; x_wconf 86' lang='lat' dir='ltr'><strong>quartus</strong></span> <span class='ocrx_word' id='word_1_238' title='bbox 1280 3464 1419 3507; x_wconf 85' lang='lat' dir='ltr'><strong>cum</strong></span> <span class='ocrx_word' id='word_1_239' title='bbox 1465 3442 1715 3527; x_wconf 89' lang='lat' dir='ltr'><strong>quinto,</strong></span> <span class='ocrx_word' id='word_1_240' title='bbox 1761 3444 1986 3511; x_wconf 82' lang='lat' dir='ltr'><strong>tertius</strong></span> <span class='ocrx_word' id='word_1_241' title='bbox 2029 3466 2174 3509; x_wconf 89' lang='lat' dir='ltr'><strong>cum</strong></span> <span class='ocrx_word' id='word_1_242' title='bbox 2218 3452 2428 3523; x_wconf 87' lang='lat' dir='ltr'><strong>sexto;</strong></span> <span class='ocrx_word' id='word_1_243' title='bbox 2492 3444 2749 3509; x_wconf 87' lang='lat' dir='ltr'><strong>alterius</strong></span> <span class='ocrx_word' id='word_1_244' title='bbox 2793 3445 3047 3530; x_wconf 86' lang='lat' dir='ltr'><strong>generis</strong></span> 
     </span>
     <span class='ocr_line' id='line_1_31' title="bbox 116 3543 3048 3631; baseline 0 -22"><span class='ocrx_word' id='word_1_245' title='bbox 116 3545 385 3630; x_wconf 86' lang='lat' dir='ltr'><strong>primum</strong></span> <span class='ocrx_word' id='word_1_246' title='bbox 448 3544 747 3631; x_wconf 85' lang='lat' dir='ltr'><strong>strophae</strong></span> <span class='ocrx_word' id='word_1_247' title='bbox 798 3545 979 3631; x_wconf 86' lang='lat' dir='ltr'><strong>ipsae</strong></span> <span class='ocrx_word' id='word_1_248' title='bbox 1034 3543 1198 3609; x_wconf 91' lang='lat' dir='ltr'><strong>inter</strong></span> <span class='ocrx_word' id='word_1_249' title='bbox 1238 3565 1310 3608; x_wconf 90' lang='lat' dir='ltr'><strong>se</strong></span> <span class='ocrx_word' id='word_1_250' title='bbox 1371 3544 1671 3630; x_wconf 86' lang='lat' dir='ltr'><strong>coniungi</strong></span> <span class='ocrx_word' id='word_1_251' title='bbox 1728 3544 1938 3610; x_wconf 86' lang='lat' dir='ltr'><strong>solent</strong></span> <span class='ocrx_word' id='word_1_252' title='bbox 1991 3544 2151 3609; x_wconf 86' lang='lat' dir='ltr'><strong>duae</strong></span> <span class='ocrx_word' id='word_1_253' title='bbox 2191 3546 2295 3611; x_wconf 81' lang='lat' dir='ltr'><strong>vel</strong></span> <span class='ocrx_word' id='word_1_254' title='bbox 2340 3545 2556 3631; x_wconf 88' lang='lat' dir='ltr'><strong>plures</strong></span> <span class='ocrx_word' id='word_1_255' title='bbox 2610 3545 2712 3628; x_wconf 90' lang='lat' dir='ltr'><strong>(ut</strong></span> <span class='ocrx_word' id='word_1_256' title='bbox 2754 3567 3048 3611; x_wconf 87' lang='lat' dir='ltr'><strong>senorum</strong></span> 
     </span>
     <span class='ocr_line' id='line_1_32' title="bbox 118 3644 3050 3732; baseline 0 -21"><span class='ocrx_word' id='word_1_257' title='bbox 118 3670 417 3713; x_wconf 83' lang='lat' dir='ltr'><strong>versuum</strong></span> <span class='ocrx_word' id='word_1_258' title='bbox 486 3645 763 3732; x_wconf 86' lang='lat' dir='ltr'><strong>quinque</strong></span> <span class='ocrx_word' id='word_1_259' title='bbox 816 3644 974 3711; x_wconf 86' lang='lat' dir='ltr'><strong>Buh.</strong></span> <span class='ocrx_word' id='word_1_260' title='bbox 1028 3644 1247 3725; x_wconf 76' lang='lat'>4—6,</span> <span class='ocrx_word' id='word_1_261' title='bbox 1303 3644 1735 3730; x_wconf 87' lang='lat' dir='ltr'><strong>septendecim</strong></span> <span class='ocrx_word' id='word_1_262' title='bbox 1802 3668 1861 3732; x_wconf 90' lang='lat' dir='ltr'><strong>p.</strong></span> <span class='ocrx_word' id='word_1_263' title='bbox 1923 3647 2088 3710; x_wconf 79' lang='lat'><strong>62-</strong></span> <span class='ocrx_word' id='word_1_264' title='bbox 2114 3646 2219 3729; x_wconf 80' lang='lat'><strong>72,</strong></span> <span class='ocrx_word' id='word_1_265' title='bbox 2293 3655 2740 3732; x_wconf 86' lang='lat' dir='ltr'><strong>quaternorum</strong></span> <span class='ocrx_word' id='word_1_266' title='bbox 2804 3654 3050 3730; x_wconf 88' lang='lat' dir='ltr'><strong>septem</strong></span> 
     </span>
     <span class='ocr_line' id='line_1_33' title="bbox 114 3746 3046 3832; baseline 0 -21"><span class='ocrx_word' id='word_1_267' title='bbox 114 3771 171 3831; x_wconf 89' lang='lat' dir='ltr'><strong>p.</strong></span> <span class='ocrx_word' id='word_1_268' title='bbox 209 3750 489 3829; x_wconf 77' lang='lat'>16-18,</span> <span class='ocrx_word' id='word_1_269' title='bbox 533 3770 767 3813; x_wconf 84' lang='lat' dir='ltr'><strong>novem</strong></span> <span class='ocrx_word' id='word_1_270' title='bbox 807 3769 871 3832; x_wconf 91' lang='lat' dir='ltr'><strong>p.</strong></span> <span class='ocrx_word' id='word_1_271' title='bbox 902 3746 1183 3829; x_wconf 81' lang='lat'>42—44)</span> <span class='ocrx_word' id='word_1_272' title='bbox 1228 3746 1594 3811; x_wconf 87' lang='lat' dir='ltr'><strong>continuata</strong></span> <span class='ocrx_word' id='word_1_273' title='bbox 1640 3746 2060 3813; x_wconf 84' lang='lat' dir='ltr'><strong>consonantia</strong></span> <span class='ocrx_word' id='word_1_274' title='bbox 2102 3746 2432 3813; x_wconf 87' lang='lat' dir='ltr'><strong>claudente</strong></span> <span class='ocrx_word' id='word_1_275' title='bbox 2464 3746 2531 3811; x_wconf 91' lang='lat' dir='ltr'><strong>in</strong></span> <span class='ocrx_word' id='word_1_276' title='bbox 2559 3746 2730 3811; x_wconf 88' lang='lat' dir='ltr'><strong>hunc</strong></span> <span class='ocrx_word' id='word_1_277' title='bbox 2769 3747 3046 3812; x_wconf 89' lang='lat' dir='ltr'><strong>modum:</strong></span> 
     </span>
     <span class='ocr_line' id='line_1_34' title="bbox 112 3846 3052 3934; baseline -0 -22"><span class='ocrx_word' id='word_1_278' title='bbox 112 3850 275 3914; x_wconf 80' lang='lat' dir='ltr'><strong>abcb.</strong></span> <span class='ocrx_word' id='word_1_279' title='bbox 344 3850 515 3915; x_wconf 76' lang='lat' dir='ltr'><strong>heled</strong></span> <span class='ocrx_word' id='word_1_280' title='bbox 566 3848 669 3914; x_wconf 79' lang='lat' dir='ltr'><strong>vel</strong></span> <span class='ocrx_word' id='word_1_281' title='bbox 727 3846 965 3913; x_wconf 81' lang='lat' dir='ltr'><strong>aabccb.</strong></span> <span class='ocrx_word' id='word_1_282' title='bbox 1027 3846 1253 3909; x_wconf 79' lang='lat' dir='ltr'><strong>bbdeed</strong></span> <span class='ocrx_word' id='word_1_283' title='bbox 1294 3856 1413 3913; x_wconf 86' lang='lat' dir='ltr'><strong>etc.</strong></span> <span class='ocrx_word' id='word_1_284' title='bbox 1506 3846 1761 3913; x_wconf 89' lang='lat' dir='ltr'><strong>Deinde</strong></span> <span class='ocrx_word' id='word_1_285' title='bbox 1824 3848 2196 3933; x_wconf 85' lang='lat' dir='ltr'><strong>regulariter</strong></span> <span class='ocrx_word' id='word_1_286' title='bbox 2267 3846 2427 3913; x_wconf 87' lang='lat' dir='ltr'><strong>alter</strong></span> <span class='ocrx_word' id='word_1_287' title='bbox 2493 3848 2765 3934; x_wconf 88' lang='lat' dir='ltr'><strong>quisque</strong></span> <span class='ocrx_word' id='word_1_288' title='bbox 2827 3870 3052 3912; x_wconf 86' lang='lat' dir='ltr'><strong>versus</strong></span> 
     </span>
     <span class='ocr_line' id='line_1_35' title="bbox 114 3946 3050 4037; baseline -0.001 -23"><span class='ocrx_word' id='word_1_289' title='bbox 114 3950 421 4037; x_wconf 83' lang='lat' dir='ltr'><strong>strophae</strong></span> <span class='ocrx_word' id='word_1_290' title='bbox 471 3949 928 4035; x_wconf 77' lang='lat' dir='ltr'><strong>quaternarias,</strong></span> <span class='ocrx_word' id='word_1_291' title='bbox 974 3946 1196 4012; x_wconf 86' lang='lat' dir='ltr'><strong>tertius</strong></span> <span class='ocrx_word' id='word_1_292' title='bbox 1241 3948 1529 4013; x_wconf 88' lang='lat' dir='ltr'><strong>senariae</strong></span> <span class='ocrx_word' id='word_1_293' title='bbox 1575 3948 1710 4029; x_wconf 81' lang='lat' dir='ltr'><strong>(vel</strong></span> <span class='ocrx_word' id='word_1_294' title='bbox 1751 3958 1886 4015; x_wconf 80' lang='lat' dir='ltr'><strong>tern</strong></span> <span class='ocrx_word' id='word_1_295' title='bbox 1897 3950 2099 4033; x_wconf 90' lang='lat' dir='ltr'><strong>ariae)</strong></span> <span class='ocrx_word' id='word_1_296' title='bbox 2147 3950 2624 4015; x_wconf 87' lang='lat' dir='ltr'><strong>consonantiam</strong></span> <span class='ocrx_word' id='word_1_297' title='bbox 2667 3949 3050 4014; x_wconf 87' lang='lat' dir='ltr'><strong>anteceden-</strong></span> 
     </span>
     <span class='ocr_line' id='line_1_36' title="bbox 110 4048 3046 4135; baseline -0.001 -18"><span class='ocrx_word' id='word_1_298' title='bbox 110 4054 187 4118; x_wconf 85' lang='lat' dir='ltr'><strong>tis</strong></span> <span class='ocrx_word' id='word_1_299' title='bbox 248 4052 521 4118; x_wconf 85' lang='lat' dir='ltr'><strong>finalem</strong></span> <span class='ocrx_word' id='word_1_300' title='bbox 574 4050 641 4113; x_wconf 88' lang='lat' dir='ltr'><strong>in</strong></span> <span class='ocrx_word' id='word_1_301' title='bbox 696 4070 767 4115; x_wconf 88' lang='lat' dir='ltr'><strong>se</strong></span> <span class='ocrx_word' id='word_1_302' title='bbox 822 4048 1093 4134; x_wconf 88' lang='lat' dir='ltr'><strong>suscipit</strong></span> <span class='ocrx_word' id='word_1_303' title='bbox 1142 4058 1441 4134; x_wconf 89' lang='lat' dir='ltr'><strong>tanquam</strong></span> <span class='ocrx_word' id='word_1_304' title='bbox 1495 4048 1817 4115; x_wconf 87' lang='lat' dir='ltr'><strong>lateralem</strong></span> <span class='ocrx_word' id='word_1_305' title='bbox 1878 4052 1983 4115; x_wconf 79' lang='lat' dir='ltr'><strong>vel</strong></span> <span class='ocrx_word' id='word_1_306' title='bbox 2035 4052 2376 4129; x_wconf 86' lang='lat' dir='ltr'><strong>internam,</strong></span> <span class='ocrx_word' id='word_1_307' title='bbox 2437 4048 2616 4115; x_wconf 90' lang='lat' dir='ltr'><strong>cuius</strong></span> <span class='ocrx_word' id='word_1_308' title='bbox 2673 4049 2860 4113; x_wconf 89' lang='lat' dir='ltr'><strong>sedes</strong></span> <span class='ocrx_word' id='word_1_309' title='bbox 2911 4050 3046 4135; x_wconf 91' lang='lat' dir='ltr'><strong>ple-</strong></span> 
     </span>
     <span class='ocr_line' id='line_1_37' title="bbox 117 4148 2953 4240; baseline -0.002 -22"><span class='ocrx_word' id='word_1_310' title='bbox 117 4177 389 4240; x_wconf 83' lang='lat' dir='ltr'><strong>rumque</strong></span> <span class='ocrx_word' id='word_1_311' title='bbox 442 4152 511 4215; x_wconf 89' lang='lat' dir='ltr'><strong>in</strong></span> <span class='ocrx_word' id='word_1_312' title='bbox 555 4148 713 4231; x_wconf 84' lang='lat' dir='ltr'><strong>MJ.,</strong></span> <span class='ocrx_word' id='word_1_313' title='bbox 760 4172 1009 4236; x_wconf 88' lang='lat' dir='ltr'><strong>semper</strong></span> <span class='ocrx_word' id='word_1_314' title='bbox 1052 4151 1119 4214; x_wconf 92' lang='lat' dir='ltr'><strong>in</strong></span> <span class='ocrx_word' id='word_1_315' title='bbox 1161 4149 1323 4215; x_wconf 90' lang='lat' dir='ltr'><strong>Buh.</strong></span> <span class='ocrx_word' id='word_1_316' title='bbox 1372 4160 1469 4215; x_wconf 89' lang='lat' dir='ltr'><strong>est</strong></span> <span class='ocrx_word' id='word_1_317' title='bbox 1512 4150 1760 4236; x_wconf 83' lang='lat' dir='ltr'><strong>syllaba</strong></span> <span class='ocrx_word' id='word_1_318' title='bbox 1800 4153 2205 4237; x_wconf 87' lang='lat' dir='ltr'><strong>paenultima,</strong></span> <span class='ocrx_word' id='word_1_319' title='bbox 2251 4161 2325 4216; x_wconf 90' lang='lat' dir='ltr'><strong>ut</strong></span> <span class='ocrx_word' id='word_1_320' title='bbox 2364 4152 2432 4215; x_wconf 89' lang='lat' dir='ltr'><strong>in</strong></span> <span class='ocrx_word' id='word_1_321' title='bbox 2474 4150 2576 4215; x_wconf 89' lang='lat' dir='ltr'><strong>his</strong></span> <span class='ocrx_word' id='word_1_322' title='bbox 2622 4148 2953 4235; x_wconf 85' lang='lat' dir='ltr'><strong>exemplis:</strong></span> 
     </span>
    </p>
   </div>
   <div class='ocr_carea' id='block_1_9' title="bbox 104 4302 2860 5149">
    <p class='ocr_par' dir='ltr' id='par_1_10' title="bbox 104 4302 2860 5149">
     <span class='ocr_line' id='line_1_38' title="bbox 537 4302 2361 4377; baseline 0.001 -18"><span class='ocrx_word' id='word_1_323' title='bbox 537 4302 659 4362; x_wconf 80' lang='lat' dir='ltr'><strong>MJ.</strong></span> <span class='ocrx_word' id='word_1_324' title='bbox 704 4302 755 4359; x_wconf 88' lang='lat'><strong>3.</strong></span> <span class='ocrx_word' id='word_1_325' title='bbox 822 4302 945 4359; x_wconf 78' lang='lat' dir='ltr'><strong>Dre</strong></span> <span class='ocrx_word' id='word_1_326' title='bbox 984 4308 1335 4377; x_wconf 76' lang='lat' dir='ltr'><strong>compassion</strong></span> <span class='ocrx_word' id='word_1_327' title='bbox 1737 4322 1839 4360; x_wconf 81' lang='lat' dir='ltr'><strong>rac</strong></span> <span class='ocrx_word' id='word_1_328' title='bbox 1879 4309 1979 4361; x_wconf 77' lang='lat' dir='ltr'><strong>dre</strong></span> <span class='ocrx_word' id='word_1_329' title='bbox 2019 4322 2048 4361; x_wconf 83' lang='lat' dir='ltr'><strong>e</strong></span> <span class='ocrx_word' id='word_1_330' title='bbox 2088 4305 2361 4362; x_wconf 80' lang='lat' dir='ltr'><strong>douczder</strong></span> 
     </span>
     <span class='ocr_line' id='line_1_39' title="bbox 835 4398 2260 4471; baseline 0.004 -20"><span class='ocrx_word' id='word_1_331' title='bbox 835 4414 937 4451; x_wconf 82' lang='lat' dir='ltr'><strong>ouz</strong></span> <span class='ocrx_word' id='word_1_332' title='bbox 975 4416 1051 4453; x_wconf 85' lang='lat' dir='ltr'><strong>cm</strong></span> <span class='ocrx_word' id='word_1_333' title='bbox 1087 4401 1319 4471; x_wconf 66' lang='lat' dir='ltr'><strong>passion</strong></span> <span class='ocrx_word' id='word_1_334' title='bbox 1744 4402 1849 4455; x_wconf 73' lang='lat' dir='ltr'><strong>evit</strong></span> <span class='ocrx_word' id='word_1_335' title='bbox 1887 4398 1990 4455; x_wconf 73' lang='lat' dir='ltr'><strong>laon</strong></span> <span class='ocrx_word' id='word_1_336' title='bbox 2030 4400 2260 4457; x_wconf 78' lang='lat' dir='ltr'><strong>salvder</strong></span> 
     </span>
     <span class='ocr_line' id='line_1_40' title="bbox 836 4490 2399 4564; baseline 0.003 -19"><span class='ocrx_word' id='word_1_337' title='bbox 836 4508 905 4545; x_wconf 79' lang='lat' dir='ltr'><strong>on</strong></span> <span class='ocrx_word' id='word_1_338' title='bbox 944 4508 1037 4547; x_wconf 77' lang='lat' dir='ltr'><strong>roe</strong></span> <span class='ocrx_word' id='word_1_339' title='bbox 1079 4490 1339 4563; x_wconf 82' lang='lat' dir='ltr'><strong>deboner,</strong></span> <span class='ocrx_word' id='word_1_340' title='bbox 1744 4492 1841 4549; x_wconf 79' lang='lat' dir='ltr'><strong>dez</strong></span> <span class='ocrx_word' id='word_1_341' title='bbox 1875 4510 2085 4564; x_wconf 73' lang='lat' dir='ltr'><strong>quener</strong></span> <span class='ocrx_word' id='word_1_342' title='bbox 2122 4510 2200 4547; x_wconf 76' lang='lat' dir='ltr'><strong>an</strong></span> <span class='ocrx_word' id='word_1_343' title='bbox 2239 4509 2399 4549; x_wconf 83' lang='lat' dir='ltr'><strong>croas</strong></span> 
     </span>
     <span class='ocr_line' id='line_1_41' title="bbox 837 4584 2375 4661; baseline 0.002 -22"><span class='ocrx_word' id='word_1_344' title='bbox 837 4602 897 4640; x_wconf 85' lang='lat' dir='ltr'><strong>ez</strong></span> <span class='ocrx_word' id='word_1_345' title='bbox 938 4584 1031 4640; x_wconf 84' lang='lat' dir='ltr'><strong>dle</strong></span> <span class='ocrx_word' id='word_1_346' title='bbox 1064 4603 1178 4659; x_wconf 79' lang='lat' dir='ltr'><strong>pep</strong></span> <span class='ocrx_word' id='word_1_347' title='bbox 1219 4585 1362 4661; x_wconf 79' lang='lat' dir='ltr'><strong>heny</strong></span> <span class='ocrx_word' id='word_1_348' title='bbox 1744 4584 1841 4639; x_wconf 71' lang='lat' dir='ltr'><strong>heb</strong></span> <span class='ocrx_word' id='word_1_349' title='bbox 1881 4584 2010 4641; x_wconf 85' lang='lat' dir='ltr'><strong>ober</strong></span> <span class='ocrx_word' id='word_1_350' title='bbox 2047 4604 2154 4659; x_wconf 73' lang='lat' dir='ltr'><strong>nep</strong></span> <span class='ocrx_word' id='word_1_351' title='bbox 2195 4586 2375 4642; x_wconf 84' lang='lat' dir='ltr'><strong>drouc</strong></span> 
     </span>
     <span class='ocr_line' id='line_1_42' title="bbox 837 4677 2460 4753; baseline 0.002 -21"><span class='ocrx_word' id='word_1_352' title='bbox 837 4677 1048 4752; x_wconf 72' lang='lat' dir='ltr'><strong>yoelaff</strong></span> <span class='ocrx_word' id='word_1_353' title='bbox 1078 4697 1116 4734; x_wconf 81' lang='lat' dir='ltr'><strong>a</strong></span> <span class='ocrx_word' id='word_1_354' title='bbox 1156 4680 1327 4753; x_wconf 75' lang='lat' dir='ltr'><strong>‹levry</strong></span> <span class='ocrx_word' id='word_1_355' title='bbox 1736 4697 1814 4734; x_wconf 74' lang='lat' dir='ltr'><strong>na</strong></span> <span class='ocrx_word' id='word_1_356' title='bbox 1855 4678 2004 4751; x_wconf 50' lang='lat' dir='ltr'><strong>breis]</strong></span> <span class='ocrx_word' id='word_1_357' title='bbox 2045 4696 2146 4734; x_wconf 83' lang='lat' dir='ltr'><strong>oar</strong></span> <span class='ocrx_word' id='word_1_358' title='bbox 2185 4678 2248 4734; x_wconf 77' lang='lat' dir='ltr'><strong>he</strong></span> <span class='ocrx_word' id='word_1_359' title='bbox 2288 4679 2460 4736; x_wconf 73' lang='lat' dir='ltr'><strong>chone</strong></span> 
     </span>
     <span class='ocr_line' id='line_1_43' title="bbox 662 4770 2404 4848; baseline 0.003 -22"><span class='ocrx_word' id='word_1_360' title='bbox 662 4834 665 4837; x_wconf 15' lang='lat'><strong>⁴</strong></span> <span class='ocrx_word' id='word_1_361' title='bbox 836 4790 943 4827; x_wconf 77' lang='lat' dir='ltr'><strong>nac</strong></span> <span class='ocrx_word' id='word_1_362' title='bbox 985 4792 1049 4827; x_wconf 37' lang='lat' dir='ltr'><strong>eu,</strong></span> <span class='ocrx_word' id='word_1_363' title='bbox 1087 4790 1212 4829; x_wconf 63' lang='grc' dir='ltr'><strong>τηαν</strong></span> <span class='ocrx_word' id='word_1_364' title='bbox 1237 4772 1394 4845; x_wconf 81' lang='lat' dir='ltr'><strong>sier3</strong></span> <span class='ocrx_word' id='word_1_365' title='bbox 1726 4770 1831 4827; x_wconf 69' lang='lat' dir='ltr'><strong>hore</strong></span> <span class='ocrx_word' id='word_1_366' title='bbox 1878 4772 2055 4829; x_wconf 83' lang='lat' dir='ltr'><strong>drouc</strong></span> <span class='ocrx_word' id='word_1_367' title='bbox 2095 4792 2132 4829; x_wconf 87' lang='grc' dir='ltr'><strong>α.</strong></span> <span class='ocrx_word' id='word_1_368' title='bbox 2171 4774 2404 4848; x_wconf 76' lang='lat' dir='ltr'><strong>(longas.</strong></span> 
     </span>
     <span class='ocr_line' id='line_1_44' title="bbox 104 4880 2742 4956; baseline 0 -16"><span class='ocrx_word' id='word_1_369' title='bbox 104 4890 249 4947; x_wconf 80' lang='lat' dir='ltr'><strong>Buh,</strong></span> <span class='ocrx_word' id='word_1_370' title='bbox 308 4885 597 4945; x_wconf 68' lang='lat'><strong>18-20.</strong></span> <span class='ocrx_word' id='word_1_371' title='bbox 670 4882 763 4938; x_wconf 78' lang='lat' dir='ltr'><strong>Me</strong></span> <span class='ocrx_word' id='word_1_372' title='bbox 806 4882 901 4937; x_wconf 76' lang='lat' dir='ltr'><strong>boz</strong></span> <span class='ocrx_word' id='word_1_373' title='bbox 941 4882 1090 4938; x_wconf 63' lang='lat' dir='ltr'><strong>salut</strong></span> <span class='ocrx_word' id='word_1_374' title='bbox 1126 4883 1290 4939; x_wconf 82' lang='lat' dir='ltr'><strong>louen</strong></span> <span class='ocrx_word' id='word_1_375' title='bbox 1333 4902 1403 4939; x_wconf 85' lang='lat' dir='ltr'><strong>en</strong></span> <span class='ocrx_word' id='word_1_376' title='bbox 1432 4886 1573 4956; x_wconf 81' lang='lat' dir='ltr'><strong>face</strong></span> <span class='ocrx_word' id='word_1_377' title='bbox 1885 4884 2046 4939; x_wconf 75' lang='lat' dir='ltr'><strong>Troet</strong></span> <span class='ocrx_word' id='word_1_378' title='bbox 2089 4904 2148 4940; x_wconf 80' lang='lat' dir='ltr'><strong>eo</strong></span> <span class='ocrx_word' id='word_1_379' title='bbox 2190 4904 2269 4940; x_wconf 76' lang='lat' dir='ltr'><strong>em</strong></span> <span class='ocrx_word' id='word_1_380' title='bbox 2312 4885 2441 4941; x_wconf 80' lang='lat' dir='ltr'><strong>brut</strong></span> <span class='ocrx_word' id='word_1_381' title='bbox 2481 4880 2560 4941; x_wconf 58' lang='lat' dir='ltr'><strong>cim</strong></span> <span class='ocrx_word' id='word_1_382' title='bbox 2599 4885 2742 4941; x_wconf 72' lang='lat' dir='ltr'><strong>studi</strong></span> 
     </span>
     <span class='ocr_line' id='line_1_45' title="bbox 652 4978 2842 5057; baseline 0.003 -26"><span class='ocrx_word' id='word_1_383' title='bbox 652 4978 825 5051; x_wconf 70' lang='lat' dir='ltr'><strong>ynelet</strong></span> <span class='ocrx_word' id='word_1_384' title='bbox 865 4978 931 5033; x_wconf 69' lang='lat' dir='ltr'><strong>leo</strong></span> <span class='ocrx_word' id='word_1_385' title='bbox 966 4996 1136 5047; x_wconf 62' lang='lat' dir='ltr'><strong>‚qracc</strong></span> <span class='ocrx_word' id='word_1_386' title='bbox 1174 4998 1265 5034; x_wconf 81' lang='lat' dir='ltr'><strong>am</strong></span> <span class='ocrx_word' id='word_1_387' title='bbox 1305 4979 1537 5051; x_wconf 69' lang='lat' dir='ltr'><strong>saulacy</strong></span> <span class='ocrx_word' id='word_1_388' title='bbox 1869 4980 1998 5034; x_wconf 77' lang='lat' dir='ltr'><strong>dom</strong></span> <span class='ocrx_word' id='word_1_389' title='bbox 2038 4979 2358 5037; x_wconf 77' lang='lat' dir='ltr'><strong>‹Iauedonch</strong></span> <span class='ocrx_word' id='word_1_390' title='bbox 2399 4982 2506 5057; x_wconf 82' lang='lat' dir='ltr'><strong>huy</strong></span> <span class='ocrx_word' id='word_1_391' title='bbox 2549 5002 2612 5035; x_wconf 75' lang='lat' dir='ltr'><strong>en</strong></span> <span class='ocrx_word' id='word_1_392' title='bbox 2655 4991 2842 5056; x_wconf 79' lang='lat' dir='ltr'><strong>tyman</strong></span> 
     </span>
     <span class='ocr_line' id='line_1_46' title="bbox 650 5072 2860 5149; baseline 0.002 -22"><span class='ocrx_word' id='word_1_393' title='bbox 650 5092 731 5128; x_wconf 87' lang='lat' dir='ltr'><strong>me</strong></span> <span class='ocrx_word' id='word_1_394' title='bbox 773 5090 991 5145; x_wconf 79' lang='lat' dir='ltr'><strong>omnpso</strong></span> <span class='ocrx_word' id='word_1_395' title='bbox 1032 5072 1159 5129; x_wconf 57' lang='lat' dir='ltr'><strong>dic-k</strong></span> <span class='ocrx_word' id='word_1_396' title='bbox 1198 5072 1342 5128; x_wconf 69' lang='lat' dir='ltr'><strong>soler</strong></span> <span class='ocrx_word' id='word_1_397' title='bbox 1381 5091 1455 5127; x_wconf 75' lang='lat' dir='ltr'><strong>an</strong></span> <span class='ocrx_word' id='word_1_398' title='bbox 1500 5072 1670 5127; x_wconf 86' lang='lat' dir='ltr'><strong>merit</strong></span> <span class='ocrx_word' id='word_1_399' title='bbox 1874 5090 1996 5126; x_wconf 81' lang='lat' dir='ltr'><strong>maz</strong></span> <span class='ocrx_word' id='word_1_400' title='bbox 2037 5076 2230 5129; x_wconf 74' lang='lat' dir='ltr'><strong>caree-k</strong></span> <span class='ocrx_word' id='word_1_401' title='bbox 2267 5077 2411 5131; x_wconf 72' lang='lat' dir='ltr'><strong>soler</strong></span> <span class='ocrx_word' id='word_1_402' title='bbox 2448 5094 2542 5132; x_wconf 78' lang='lat' dir='ltr'><strong>ma.</strong></span> <span class='ocrx_word' id='word_1_403' title='bbox 2578 5082 2860 5149; x_wconf 70' lang='lat' dir='ltr'><strong>que-&gt;meret</strong></span> 
     </span>
    </p>
   </div>
   <div class='ocr_carea' id='block_1_10' title="bbox 650 5165 2786 5245">
    <p class='ocr_par' dir='ltr' id='par_1_11' title="bbox 650 5165 2786 5245">
     <span class='ocr_line' id='line_1_47' title="bbox 650 5165 2786 5245; baseline 0.005 -24"><span class='ocrx_word' id='word_1_404' title='bbox 650 5167 755 5223; x_wconf 78' lang='lat' dir='ltr'><strong>hac</strong></span> <span class='ocrx_word' id='word_1_405' title='bbox 794 5184 869 5223; x_wconf 75' lang='lat' dir='ltr'><strong>aa</strong></span> <span class='ocrx_word' id='word_1_406' title='bbox 900 5166 1098 5239; x_wconf 80' lang='lat' dir='ltr'><strong>profit</strong></span> <span class='ocrx_word' id='word_1_407' title='bbox 1133 5184 1226 5222; x_wconf 86' lang='lat' dir='ltr'><strong>am</strong></span> <span class='ocrx_word' id='word_1_408' title='bbox 1265 5165 1564 5242; x_wconf 77' lang='lat' dir='ltr'><strong>queffridy.</strong></span> <span class='ocrx_word' id='word_1_409' title='bbox 1877 5184 1936 5221; x_wconf 79' lang='lat' dir='ltr'><strong>ez</strong></span> <span class='ocrx_word' id='word_1_410' title='bbox 1973 5168 2143 5225; x_wconf 75' lang='lat' dir='ltr'><strong>rahen</strong></span> <span class='ocrx_word' id='word_1_411' title='bbox 2181 5175 2374 5243; x_wconf 77' lang='lat' dir='ltr'><strong>reqaet</strong></span> <span class='ocrx_word' id='word_1_412' title='bbox 2411 5172 2600 5228; x_wconf 79' lang='lat' dir='ltr'><strong>credet</strong></span> <span class='ocrx_word' id='word_1_413' title='bbox 2633 5170 2786 5245; x_wconf 66' lang='lat' dir='ltr'><strong>glan.</strong></span> 
     </span>
    </p>
   </div>
  </div>
 </body>
</html>
