3717 5642
976 426 1090 493 IV.
1135 427 1193 493 3.
1261 441 1805 492 comunem-muns
1848 442 2322 493 nmamcm.
2611 426 2752 489 (684·
2775 425 2896 487 685)
2965 423 3083 486 721

208 610 338 697 tyri;
378 611 454 675 cf.
498 635 561 699 p.
592 612 768 697 320),
810 613 1185 678 mov-march.
1231 613 1476 678 tutnred
1516 617 1595 693 -ξ-
1638 611 1896 675 horodes
1921 610 2283 697 eltyuhebnb
2325 610 2734 697 (Mormarcb‚
2780 608 3092 677 Tutnerth

210 724 399 779 testes.
446 724 510 781 et
553 714 729 780 dedit
770 712 1215 800 Eltguobrius)
1259 712 1419 782 cod.
1463 712 1665 779 Lichf.
1711 712 1912 801 (App.
1957 715 2032 781 L.
2063 714 2264 781 Land.
2308 738 2416 803 pp.
2449 712 2592 781 272.
2623 713 2800 798 273).
2857 712 3094 799 bryeint

210 816 415 899 ecc-lays
462 814 677 881 Teliau
720 837 755 879 ο
804 814 1091 899 Lamnas
1124 842 1165 881 a
1206 820 1381 882 rodes
1425 815 1789 881 bremhined
1827 816 1978 881 hina
2019 818 2102 883 Ιια
2139 816 2556 901 thouyssoqion
2597 834 2808 899 cymry
2845 834 2932 898 yn
2963 824 3090 897 try-

212 918 537 1001 ququydaul
577 918 661 1003 dy
704 918 937 1001 ποίημα
984 916 1197 985 Teliau
1240 920 1356 985 hac
1398 921 1501 985 dir
1544 922 1703 1005 escip
1744 918 1831 983 ou
1851 920 2022 1005 queti
2061 918 2132 1001 of
2165 916 2596 1005 (privilegium
2626 914 2935 981 ecclesiae
2967 910 3092 977 Te-

214 1016 345 1083 liavi
370 1017 831 1098 Landavensis‚
879 1030 943 1084 et
985 1020 1297 1085 dederunt
1334 1042 1519 1107 reges
1564 1019 1687 1086 hoc
1730 1028 1793 1087 et
1819 1020 2141 1108 principes
2173 1018 2587 1087 Cambrorum
2627 1017 2694 1081 in
2725 1022 3093 1103 perpetuum
3221 1060 3224 1065 -

214 1118 493 1184 ecclesiae
523 1118 771 1187 Teliavi
818 1131 883 1185 et
911 1122 1205 1187 omnibus
1248 1121 1572 1209 episcopis
1614 1132 1764 1209 post
1790 1123 1963 1206 eum)
1993 1121 2164 1187 Priv.
2195 1120 2397 1187 Land.
2441 1119 2546 1205 (L.
2576 1116 2778 1184 Land.
2821 1140 2885 1203 p.
2923 1115 3092 1198 113).

214 1240 307 1284 rac
343 1220 595 1285 brennin
638 1248 679 1288 a
720 1246 835 1289 rac
871 1245 1041 1309 paup
1084 1224 1325 1309 (coram
1366 1244 1518 1308 rege
1562 1234 1625 1289 et
1668 1244 1880 1289 coram
1925 1222 2200 1310 quovis),
2247 1223 2329 1307 dy
2372 1242 2540 1305 esc-op
2585 1218 2810 1283 Teliau
2852 1219 2968 1281 Ιιασ
3012 1218 3094 1301 dy

210 1344 311 1406 qur
336 1322 446 1387 hac
474 1324 557 1409 dy
580 1348 737 1410 quas
768 1324 1103 1411 (episcopo
1134 1322 1382 1389 Teliavi
1423 1335 1489 1391 et
1517 1324 1657 1391 eius
1684 1325 1926 1392 homini
1969 1334 2034 1390 et
2057 1346 2284 1409 pum-03
2331 1346 2506 1389 mox:
2553 1323 2634 1407 dy
2677 1342 2846 1405 eecop
2883 1317 3096 1383 Teliau

212 1422 277 1488 ha
315 1426 390 1509 dy
425 1448 549 1509 qm·
592 1426 675 1490 ha
717 1428 800 1513 dy
837 1426 1025 1512 quas)
1068 1425 1219 1491 ibid.
1308 1424 1621 1512 Exempla
1663 1448 1698 1493 e
1744 1426 1950 1493 Man:
1999 1427 2244 1491 Artkm·
2279 1425 2480 1511 ydoed
2513 1445 2601 1509 yn
2644 1422 2830 1485 eisted
2867 1422 3095 1485 diwar-

214 1538 351 1589 namt
371 1548 497 1611 yny
520 1526 805 1611 ystauell.
838 1552 913 1593 ac
935 1540 1085 1614 yqyt
1112 1550 1187 1591 ac
1216 1528 1285 1610 ef
1304 1531 1493 1592 owein
1511 1578 1525 1593 .
1542 1529 1877 1615 achynon.
1896 1576 1910 1591 .
1943 1526 2141 1593 achei.
2161 1576 2176 1591 .
2193 1526 2660 1613 aywenhwyuar
2687 1523 2802 1609 (A.
2835 1522 3100 1588 sedebat

217 1626 532 1713 aliquando
574 1629 643 1693 in
687 1629 979 1694 cubiculo
1025 1651 1159 1710 suo,
1206 1639 1271 1695 et
1311 1654 1439 1696 una
1480 1651 1621 1696 cum
1666 1653 1743 1696 eo
1785 1629 1867 1696 O.
1913 1638 1976 1695 et
2017 1626 2092 1695 C.
2139 1637 2203 1694 et
2245 1626 2320 1695 O.
2365 1635 2430 1692 et
2470 1626 2586 1711 Gr.)
2631 1628 2686 1707 1,
2724 1628 2778 1691 1.
2833 1624 3098 1709 aphartk

214 1754 275 1795 ar·
314 1751 459 1816 φαεν
493 1732 848 1815 ydeutlmm.
904 1753 979 1794 ao
1032 1730 1274 1814 nachas
1300 1753 1343 1815 y
1380 1732 1631 1818 ywelwn
1673 1733 1791 1796 deu
1832 1754 1959 1797 was
2011 1730 2110 1815 (et
2151 1730 2232 1795 ad
2275 1740 2550 1797 castrum
2591 1727 2770 1807 veni,
2817 1736 2882 1791 et
2925 1748 3094 1805 ecce,

216 1832 473 1897 videbam
520 1832 682 1896 duos
724 1831 990 1919 pueros)
1052 1836 1105 1912 1,
1150 1832 1209 1899 3.
1276 1854 1351 1897 ac
1390 1844 1619 1918 aryant
1658 1834 1769 1897 oed
1806 1855 1849 1917 y
1895 1832 2081 1895 bun-d.
2127 1830 2366 1897 abliant
2406 1832 2518 1895 oed
2557 1829 2778 1893 lieineu
2817 1850 2861 1913 y
2905 1826 3094 1891 bwrd.

217 1956 275 1997 ac
308 1946 409 2017 nyt
447 1936 563 1998 oed
614 1955 701 1994 un
744 1932 949 2017 lleetyr
971 1979 984 1996 .
1014 1982 1027 1997 .
1064 1956 1295 2019 namyn
1336 1955 1447 1999 eur
1488 1934 1587 2019 (et
1628 1944 1930 2021 argentea
1975 1944 2108 1999 erat
2151 1954 2401 2013 mensa,
2447 1938 2510 1996 et
2551 1940 2802 2017 tegmen
2847 1938 2982 1994 erat
3021 1928 3098 1992 li·-

220 2056 375 2100 neum
418 2056 699 2111 mensae,
742 2055 866 2099 nec
908 2034 1101 2101 ullum
1145 2058 1261 2103 vas
1306 2047 1442 2103 erat
1482 2036 1611 2102 nisi
1654 2034 1940 2119 aureum)
1987 2038 2043 2115 1,
2075 2038 2134 2101 5.

324 2134 477 2203 Cum
522 2135 1002 2223 pronominibus
1047 2137 1438 2225 possessivis
1494 2147 1557 2203 et
1608 2160 1750 2203 cum
1803 2136 2068 2202 articulo
2124 2136 2343 2202 eadem
2399 2132 2710 2223 particula
2747 2131 2978 2197 transit
3031 2132 3100 2193 in

221 2236 417 2303 formas
458 2262 583 2317 am,
629 2238 751 2315 ath,
797 2242 881 2315 ai,
928 2261 1015 2317 ae,
1061 2262 1139 2301 ar
1182 2248 1335 2305 etc.:
1379 2240 1669 2325 vymarck
1712 2258 1815 2302 am
1856 2260 2054 2303 arueu
2095 2239 2325 2326 (equus
2373 2259 2554 2303 meus
2599 2242 2662 2301 et
2706 2256 2877 2299 arma
2905 2232 3097 2315 mea),

222 2360 281 2421 vy
314 2340 515 2403 march
558 2341 665 2403 ath
707 2361 901 2403 amen
944 2340 1149 2403 ditheu
1191 2340 1425 2427 (equus
1470 2362 1647 2405 meus
1695 2348 1759 2405 et
1800 2362 1975 2405 arma
1999 2340 2141 2423 tua)
2185 2340 2356 2406 Mab.
2399 2342 2449 2419 1,
2479 2338 2623 2403 267.
2669 2336 2727 2410 2,
2767 2338 2863 2397 16.
2921 2338 2952 2399 i
2977 2344 3097 2395 tut-

224 2438 337 2501 bulc
373 2440 481 2502 1ιαί
520 2442 711 2503 cenetl
750 2441 849 2524 (in
880 2440 955 2507 T.
1000 2452 1065 2505 et
1108 2442 1247 2507 eius
1292 2442 1529 2527 genus)
1561 2438 1721 2507 Cod.
1751 2440 1955 2506 Lichf.
1987 2442 2190 2529 (App.
2220 2441 2294 2509 L.
2325 2442 2528 2507 Laud.
2559 2462 2622 2525 p.
2653 2436 2830 2522 271).
2885 2434 3099 2498 brenn-

222 2538 308 2602 la'n
342 2541 709 2605 morcanhuc
760 2542 882 2627 hay
919 2565 1045 2627 yur
1085 2544 1205 2629 hay
1240 2566 1402 2627 quas
1448 2544 1591 2627 (rex
1630 2541 2026 2609 Morcantiae
2081 2553 2144 2609 et
2185 2544 2323 2609 eins
2367 2542 2554 2608 homo
2613 2548 2676 2605 et
2720 2538 2856 2603 eius
2913 2551 3098 2634 puer)

224 2638 365 2705 Priv.
392 2642 595 2707 Land.
630 2643 735 2727 (L.
766 2642 971 2709 Land.
1014 2666 1077 2730 p.
1113 2644 1283 2728 113).
1336 2644 1767 2729 ywenhwyuar
1812 2666 1886 2709 ae
1927 2645 2386 2731 llawuorynyon
2416 2642 2530 2727 (G.
2576 2649 2643 2706 et
2671 2640 2808 2705 eius
2851 2638 3102 2725 puellae

224 2764 384 2807 manu
426 2746 797 2831 operantes)
850 2744 1025 2811 Mab.
1082 2749 1134 2825 1,
1186 2749 1239 2809 1.
1302 2767 1347 2831 y
1386 2748 1600 2831 pedeir
1636 2748 1931 2835 qun-ayed
1981 2767 2060 2813 ar
2111 2746 2357 2832 huqeint
2398 2766 2471 2809 ae
2520 2740 2749 2806 meircla
2797 2762 2872 2803 ae
2922 2740 3104 2801 dillat

224 2840 449 2928 (viginti
494 2854 792 2933 quattuor
818 2847 1119 2913 mulieres
1150 2868 1491 2933 earumque
1534 2850 1681 2936 equi
1724 2857 1789 2914 et
1818 2847 2064 2932 vestes)
2102 2852 2154 2927 1,
2188 2849 2290 2914 37.
2341 2868 2386 2931 y
2415 2845 2572 2931 bwyt
2613 2865 2690 2909 ar
2719 2842 2847 2927 llyn
2888 2841 3102 2925 (cibus

226 2954 275 3007 et
310 2948 539 3033 potus),
580 2972 625 3034 y
668 2950 792 3034 nes
820 2968 898 3013 ar
938 2950 1141 3033 dayar
1183 2947 1459 3032 (caelum
1504 2960 1569 3015 et
1608 2949 1807 3034 terra)
1854 2952 1910 3031 1,
1943 2952 2000 3015 5.
2034 2951 2094 3016 8.

364 3047 685 3115 Particula
715 3071 805 3129 ac,
852 3072 893 3113 a
934 3050 1271 3133 interdum,
1318 3060 1391 3115 ut
1434 3058 1533 3116 est
1560 3050 1851 3116 diversae
1895 3048 2402 3137 significationis,
2447 3046 2539 3112 ita
2581 3045 2872 3111 diversae
2915 3044 3105 3130 origi-

225 3148 303 3213 nis
344 3151 539 3217 videri
582 3160 797 3237 potest
836 3162 906 3217 ut
946 3153 1014 3216 in
1044 3150 1170 3216 his:
1217 3171 1321 3215 am
1362 3162 1475 3216 nat
1514 3164 1635 3237 wyt
1660 3154 2018 3237 ynenrycled
2058 3154 2186 3237 ἅμα
2228 3176 2271 3215 a
2309 3150 2474 3213 wedo
2517 3147 2768 3211 wrthaw
2803 3148 3106 3233 ymdidan

224 3250 648 3337 amharqlwydi
684 3253 867 3339 (quia
906 3276 1037 3317 non
1082 3274 1151 3317 es
1194 3252 1383 3317 homo
1424 3262 1551 3317 tam
1596 3252 1928 3334 honestus,
1985 3260 2189 3340 quem'
2215 3254 2440 3319 deceat
2481 3247 2757 3333 colloqui
2804 3270 2946 3313 cum
2991 3249 3103 3313 do-

224 3350 363 3415 mino
401 3352 592 3435 meo),
636 3366 747 3439 nyt
784 3368 909 3441 wyt
951 3378 1031 3418 vn
1073 3355 1345 3439 enryded
1384 3354 1455 3417 di
1492 3375 1567 3418 ac
1604 3374 1649 3439 y
1693 3352 1954 3439 ‹lylyych
1991 3357 2294 3441 ymdidan
2334 3374 2439 3419 am
2482 3351 2790 3436 arqlwydi
2830 3351 2990 3435 (non
3034 3374 3104 3416 es

224 3462 325 3515 tam
362 3452 683 3533 honestus,
730 3462 801 3519 ut
843 3455 1079 3521 debeas
1123 3454 1397 3541 colloqui
1442 3476 1583 3520 cum
1614 3454 1868 3522 domino
1911 3457 2083 3541 meo)
2125 3456 2299 3523 Mab.
2333 3457 2391 3534 2,
2431 3453 2526 3518 10.
2569 3454 2664 3515 11.
2755 3452 2911 3517 Item
2959 3464 3109 3540 post

223 3551 505 3619 adiectiva
558 3575 701 3619 cum
742 3576 862 3640 οφ,
912 3578 1056 3641 cyn-
1109 3556 1493 3642 composita,
1554 3577 1715 3643 quae
1758 3576 1954 3643 supra
2003 3557 2142 3645 (pp.
2188 3558 2332 3624 204.
2383 3555 2536 3637 300)
2591 3554 3104 3635 memoravimus3

222 3653 307 3716 vel
344 3664 485 3738 post
524 3678 679 3736 mor,
726 3678 889 3742 quae
934 3668 1035 3724 est
1073 3657 1273 3724 rarior
1314 3657 1734 3724 constructio:
1784 3658 2156 3741 ymadrawd
2199 3680 2334 3722 mor
2373 3654 2748 3719 marthaedic
2787 3678 2826 3718 a
2870 3656 3108 3719 hwnnw

222 3754 425 3837 (sermo
464 3768 593 3823 tam
637 3759 1133 3825 contumeliosus
1179 3781 1367 3846 qnam
1408 3760 1561 3843 iste)
1612 3763 1665 3839 1,
1702 3760 1799 3823 11.
1849 3759 1993 3843 pecli
2035 3780 2170 3823 mor
2208 3758 2486 3845 aqhywir
2530 3754 2780 3839 ahynny
2839 3757 3110 3844 (aliquid

220 3864 325 3920 tam
382 3857 783 3925 inhonestum
838 3880 1027 3945 quam
1076 3858 1240 3943 hoc)
1310 3863 1369 3941 1,
1420 3862 1517 3927 19.
1590 3880 1697 3924 am
1744 3859 1914 3923 orchi
1965 3861 2115 3923 arch
2169 3880 2305 3923 mor
2353 3856 2630 3920 olo-ahaua
2679 3877 2724 3939 y
2779 3858 3115 3923 vrenhined

223 3957 399 4021 nicio-u
454 3982 497 4022 a
552 3959 847 4023 barwneit
909 3984 951 4025 a
1006 3962 1197 4047 dyuot
1252 3983 1296 4043 y
1351 3962 1567 4027 wrhau
1615 3960 1727 4045 yth
1786 3960 2068 4045 arylwyd
2122 3962 2194 4024 di
2258 3956 2456 4043 (quia
2505 3955 2676 4041 petis
2735 3960 3110 4045 petitionem

222 4068 327 4120 tam
385 4068 782 4146 arrogantem
846 4082 890 4125 a
946 4062 1205 4147 regibus
1271 4070 1335 4125 et
1388 4062 1725 4128 comitibus
1791 4068 1855 4125 et
1909 4060 2254 4128 baronibus
2320 4080 2508 4144 quam
2573 4066 2644 4121 ut
2700 4062 2964 4126 veniant
3015 4061 3110 4127 iu-

226 4166 397 4225 ratum
448 4162 518 4225 in
560 4161 759 4225 verba
800 4160 1037 4227 domini
1080 4161 1204 4244 tui)
1255 4167 1307 4242 1,
1352 4163 1495 4227 277.
1548 4160 1828 4247 nyweleie
1873 4161 2001 4245 dyn
2043 4165 2268 4247 eiryoet
2309 4184 2350 4223 a
2388 4158 2579 4245 yolwc
2619 4180 2756 4221 mor
2811 4163 3116 4247 athruyar

224 4258 415 4343 edrych
454 4284 675 4326 arnaw
726 4283 802 4325 ac
842 4262 917 4345 ef
961 4262 1313 4350 (nunquam
1370 4262 1505 4329 vidi
1548 4261 1863 4327 hominem
1915 4273 2043 4327 tam
2098 4263 2329 4328 misera
2369 4260 2588 4346 specie
2643 4260 2724 4323 ad
2765 4262 3110 4329 videndum

224 4380 383 4442 quam
424 4362 597 4447 eum)
656 4364 716 4443 2,
759 4362 859 4428 23.
924 4364 1069 4448 peth.
1109 4386 1245 4428 mm·
1282 4386 1414 4427 nan
1456 4385 1526 4428 as
1566 4365 1662 4427 rei
1698 4363 1907 4448 hynny
1959 4364 2095 4448 (res
2139 4373 2267 4429 tam
2309 4363 2578 4447 exiguae
2623 4384 2810 4447 quam
2856 4363 3004 4449 hae)
3050 4366 3108 4443 2,

224 4459 343 4522 231.
386 4464 879 4549 yyedymdeithas
917 4486 1055 4528 mor
1096 4466 1289 4550 deflete
1341 4490 1383 4530 a
1423 4466 1629 4551 hynny
1682 4464 2114 4549 (sodalitatem
2167 4472 2297 4530 tam
2350 4464 2864 4550 imperturbatam
2924 4487 3114 4550 quam

224 4558 391 4647 hanc)
430 4566 489 4641 3,
526 4566 667 4629 145.
730 4586 843 4628 rac
878 4566 1051 4630 coelet
1085 4587 1221 4653 qun·
1259 4566 1497 4651 leyfurd
1522 4568 1671 4630 athi
1705 4568 2044 4651 yndiuetha
2081 4567 2247 4651 prff
2277 4586 2414 4629 mor
2457 4566 2634 4629 dielw
2683 4566 2958 4629 ahwnnw
3000 4566 3114 4650 (ne

224 4662 443 4730 videam
482 4666 689 4731 virum
730 4674 861 4731 tam
886 4668 1171 4733 nobilem
1212 4690 1395 4755 quam
1426 4676 1491 4731 te
1522 4667 1950 4733 destruentem
1995 4666 2227 4732 animal
2268 4676 2394 4731 tam
2426 4664 2702 4731 deforme
2749 4688 2934 4751 quam
2962 4664 3116 4750 hoc)

224 4764 277 4841 3,
308 4768 429 4831 159.
483 4767 871 4855 amyffiafan
909 4789 1045 4832 mor
1076 4770 1359 4832 anwedus
1402 4792 1476 4833 ac
1504 4770 1898 4833 awnaethoed
1922 4766 2213 4855 (propter
2239 4768 2491 4835 facinus
2535 4777 2662 4832 tam
2693 4777 2878 4855 turpe
2926 4787 3116 4853 quam

226 4870 371 4951 quod
406 4868 836 4954 commiserat)
880 4869 938 4949 3,
972 4868 1107 4935 29.Φ
1190 4868 1353 4937 Cum
1398 4871 1693 4939 omnibus
1736 4880 1952 4935 tamen
1993 4868 2096 4935 his
2128 4869 2548 4935 conferendus
2595 4880 2696 4935 est
2736 4868 2974 4935 latinus
3020 4869 3113 4933 di-

227 4970 383 5035 cendi
417 4972 671 5038 modus:
716 4991 907 5055 aeque
943 4972 1217 5035 honestvm
1259 4996 1353 5037 ac.

362 5086 424 5095 ——-

332 5122 359 5149 ‘
392 5124 579 5178 Eadem
616 5125 873 5194 particula
903 5138 1033 5189 mor,
1068 5126 1372 5179 conferenda
1406 5140 1545 5181 corn.
1570 5140 1688 5177 mar
1719 5130 1790 5195 (p.
1818 5128 1954 5189 200),
1992 5128 2271 5194 praemissa
2305 5126 2569 5179 adiectivis
2603 5140 2706 5178 non
2743 5128 2992 5193 sequente
3027 5142 3116 5177 ac:

228 5202 315 5241 aar
343 5190 451 5245 dost
477 5210 561 5263 μισ
596 5194 747 5258 (adeo
780 5193 1017 5247 acerbum
1054 5197 1169 5257 est),
1204 5209 1317 5247 mor
1349 5194 1503 5263 dms
1534 5210 1617 5264 yw
1654 5196 1801 5260 (adeo
1834 5195 1966 5247 dura
2001 5198 2096 5258 est,
2133 5196 2304 5250 tellus)
2345 5196 2471 5246 Mab.
2509 5200 2557 5257 2,
2594 5198 2710 5247 219.
2737 5199 2851 5245 222.
2931 5194 3114 5263 aywle·

328 5294 505 5359 Ztuss,
540 5312 693 5349 cunr.
732 5312 933 5349 oanan.
1008 5294 1105 5347 Eo.
1157 5295 1221 5351 11.
2653 5298 2721 5347 46
