3717 5642
977 354 1843 428 1v.2.1›mnr0smom
1887 374 2364 427 Bm'rANNICAE.
2647 362 2781 425 (6⁵⁰
2809 366 2928 424 651)
2993 363 3114 429 687

238 544 501 629 piendum
541 547 779 611 bonum
824 546 907 612 ab
952 570 1062 629 e03
1129 548 1207 613 cf.
1251 548 1397 613 hod.
1444 570 1703 633 cornug.
1744 546 1969 634 qatha)
2011 546 2176 612 Buh.
2229 548 2502 627 194,16.
2589 546 2796 613 Fema
2857 570 2936 611 vn
2977 546 3120 611 mab

234 646 495 709 vaillant
489 669 573 711 so
625 660 821 733 yanty
877 648 1065 736 (puer
1115 659 1343 734 potens
1388 662 1487 716 est
1540 650 1710 737 apud
1753 672 1922 731 eam,
1980 648 2048 712 in
2093 648 2232 713 eius
2284 647 2494 732 utero)
2551 649 2650 727 74,
2696 650 2793 712 21.
2865 661 3004 734 pret
3055 672 3120 713 eo

228 750 381 831 qunti
430 748 791 833 dispartiaff
847 749 1139 835 (tempus
1198 760 1298 817 est
1350 752 1439 831 ei,
1509 751 1813 831 Nonitae,
1885 698 2226 830 decedere,
2291 748 2490 833 mori)
2553 750 2836 829 138,17.
2945 749 3118 815 Plur.

233 851 277 911 1.
304 870 485 933 pera:
532 852 697 913 deux
720 872 1059 939 queneomp
1104 852 1283 936 (veni
1312 853 1677 939 nobiscum)
1710 853 1925 930 208,4
1931 904 1945 917 .
2001 852 2334 915 chemet.(
2277 901 2291 913 .
2305 873 2721 937 queneompny
2763 874 2836 914 en
2880 863 2942 936 ty
2973 874 3119 915 man

228 950 473 1033 (manete
524 952 863 1019 nobiscum
915 954 982 1018 in
1034 954 1157 1019 hac
1204 953 1422 1037 domo)
1474 956 1611 1035 112,
1648 956 1743 1021 16.
1843 956 1902 1019 2.
1947 976 2154 1040 pers.:
2211 976 2316 1017 ma
2358 954 2606 1037 opinion
2658 976 2770 1017 voa
2809 955 3113 1038 queneoele

228 1054 442 1139 (opinio
485 1076 631 1119 mea
681 1065 815 1120 erat
856 1054 1217 1137 vobiscum)
1276 1057 1372 1135 14,
1419 1056 1511 1120 18.
1586 1056 1731 1119 duee
1769 1054 2100 1141 queneoclc,
2155 1076 2268 1117 rac
2320 1078 2404 1119 na
2463 1055 2691 1139 acleape
2749 1056 3113 1139 clc'yueneoch

227 1155 443 1237 (veniat
482 1157 848 1239 vobiscum,
892 1179 974 1221 ne
1020 1157 1253 1221 evadat
1292 1180 1333 1221 a
1370 1156 1589 1240 vobis)
1632 1155 1765 1221 MJ.
1811 1158 1893 1219 70
1909 1178 1964 1220 a.
2029 1176 2126 1219 me
2162 1157 2262 1241 yel
2298 1156 2682 1241 queneocltuy
2727 1156 2862 1239 (ibo
2907 1156 3120 1223 vobis-

228 1257 371 1340 cum)
410 1256 575 1321 Buh.
608 1259 708 1338 76,
745 1260 841 1323 10.
897 1280 961 1321 ez
988 1282 1057 1321 ve
1083 1270 1219 1342 pret
1248 1260 1501 1323 mardoo
1527 1259 1643 1343 hep
1670 1280 1739 1342 ay
1764 1258 2150 1343 queneoclzuy
2188 1260 2412 1323 etudiet
2453 1256 2630 1341 (esse
2671 1268 2937 1342 tempus,
2983 1280 3120 1323 cre-

229 1358 480 1440 diderim,
529 1358 587 1424 si
636 1360 775 1425 sine
808 1359 1201 1425 dubitatione
1246 1362 1477 1427 studiis
1508 1384 1627 1427 vos
1672 1357 1973 1442 dedistis)
2009 1360 2148 1440 116,
2185 1364 2240 1423 1.
2329 1362 2384 1425 3.
2432 1382 2626 1446 pers.:
2671 1371 2740 1443 με
2777 1372 2960 1444 qaut-e
3003 1362 3120 1443 (ite

228 1482 341 1523 cum
380 1460 483 1542 iis,
528 1454 837 1535 nummis)
876 1461 1013 1527 MJ.
1043 1464 1123 1527 86
1135 1486 1193 1528 a.
1246 1476 1550 1546 quemeret
1592 1462 1849 1527 archam
1893 1462 2144 1546 diyante
2189 1452 2468 1545 (stimere
2513 1473 2864 1547 argentum.
2885 1464 2964 1526 ab
3007 1462 3118 1544 iis)

230 1562 353 1626 61b.
432 1561 650 1627 Hodie
696 1572 911 1648 spreta
950 1562 1081 1629 fere
1110 1562 1455 1629 infectione
1480 1586 1683 1650 yanen
1712 1564 1896 1649 (trec.
1921 1564 2174 1650 yanin),
2215 1587 2427 1647 yanez,
2465 1586 2764 1649 yemeomp
2793 1562 2978 1646 (trec.
3004 1588 3118 1649 ya-

228 1662 432 1747 nemp),
471 1664 803 1749 qauehoc'h
842 1664 1027 1748 (trec.
1052 1665 1381 1751 qanac’h);
1428 1689 1570 1732 ven.
1616 1676 1829 1732 tamen
1863 1668 2102 1752 yeneiu‚
2140 1687 2420 1751 qenemp3
2465 1666 2616 1731 item
2654 1665 2888 1751 qethosz,
2929 1667 3118 1749 qaum,

230 1787 449 1850 cornug.
489 1766 709 1851 ραθια,
748 1766 930 1851 yatlce
968 1789 1085 1852 pro
1130 1767 1295 1833 leon.
1323 1770 1621 1854 qantha-n,
1659 1768 1908 1854 yantko.

367 1865 569 1934 CINT
616 1865 813 1949 (ante,
860 1868 939 1933 de
966 1870 1279 1955 tempore)
1324 1870 1634 1935 vetustior
1674 1868 1876 1935 forma
1905 1868 2278 1949 britannica,
2325 1880 2580 1935 servata
2607 1868 2674 1933 in
2706 1870 2938 1933 cambr.
2973 1869 3120 1933 adv.

228 1966 362 2053 hyat,
404 1978 589 2035 antea
630 1968 727 2055 (p.
760 1970 943 2054 619),
990 1972 1224 2057 superl.
1268 1970 1513 2057 leyntaf,
1558 1970 1829 2057 primae,
1878 1971 1955 2037 cf.
2000 1971 2128 2037 hib.
2176 1976 2291 2051 σέε,
2337 1972 2502 2051 σέεα,
2550 1970 2742 2048 adine,
2802 1971 3118 2036 cambrice

231 2090 451 2155 semper
484 2071 840 2137 assimilata
882 2084 907 2135 t
946 2073 1407 2158 transgreditur
1449 2074 1519 2137 in
1560 2072 1833 2153 KYNN,
1879 2072 2089 2137 KYN.

370 2170 543 2238 Cam
558 2174 786 2239 brica
830 2174 1147 2259 exempla:
1192 2174 1314 2259 hyn
1358 2196 1389 2236 e
1428 2176 1695 2259 seytlmet
1736 2175 2017 2260 vullydin
2061 2173 2240 2258 (ante
2286 2173 2620 2260 septimum
2665 2173 2931 2256 annum)
2961 2172 3119 2259 Leg.

228 2272 279 2349 2,
312 2274 355 2351 1,
384 2275 438 2341 9.
491 2274 731 2339 haonnw
758 2276 925 2361 kynn
948 2298 993 2361 y
1020 2297 1127 2339 nos
1169 2275 1267 2359 (id
1296 2286 1443 2340 ante
1472 2284 1743 2357 noctem,
1792 2276 2002 2341 attulit
2045 2298 2308 2360 granum
2336 2273 2632 2357 formica)
2676 2273 2848 2339 Mab.
2885 2276 2942 2355 2,
2975 2276 3118 2359 236.

229 2372 369 2437 Cum
404 2376 733 2442 infinitivis
790 2377 1079 2462 saepius:
1134 2376 1299 2461 ἢμην)
1340 2378 1423 2461 dy
1463 2378 1847 2463 yyclvannu
1905 2378 2084 2462 (ante
2111 2376 2476 2463 ⁴profectum
2518 2390 2724 2453 tuum,
2787 2386 3122 2463 antequam

226 2475 513 2559 profectus
542 2477 667 2561 es),
710 2478 875 2563 leynn
904 2500 949 2561 y
979 2478 1167 2561 dyuot
1193 2478 1265 2560 qs
1299 2476 1477 2561 (ante
1505 2479 1677 2545 illius
1709 2477 2077 2562 adventum)
2107 2478 2282 2543 Mab.
2323 2483 2375 2558 1,
2411 2479 2551 2543 238.
2586 2480 2728 2544 240.
2787 2484 2885 2543 cin
2915 2482 3122 2545 ciro-lm

227 2578 322 2659 tas
347 2577 446 2661 (cf.
487 2602 549 2666 p.
592 2579 748 2662 695)
792 2578 869 2643 L.
912 2577 1117 2643 Land.
1148 2580 1293 2644 247.
1364 2580 1485 2665 kyn
1530 2580 1649 2645 bod
1693 2582 1922 2645 acheus
1959 2582 2131 2665 ydau
2177 2581 2300 2665 oley
2343 2578 2714 2666 (antequam
2756 2570 3127 2649 rem'habet

224 2677 349 2763 ipse
387 2702 525 2747 cum
566 2682 675 2766 ea)
717 2680 874 2767 Leg.
906 2682 964 2762 2,
998 2682 1056 2760 4,
1090 2680 1147 2744 9.
1204 2680 1444 2765 aclaynn
1486 2683 1750 2765 eudyuot
1773 2734 1786 2747 .
1814 2730 1829 2747 .
1856 2732 1872 2745 .
1899 2681 2120 2765 ydoetk
2163 2706 2250 2746 un
2295 2682 2390 2765 (et
2432 2691 2579 2747 ante
2623 2706 2842 2749 eorum
2886 2686 3122 2751 adven-

230 2790 361 2863 tum,
402 2794 732 2871 antequam
778 2783 1089 2863 venirent,
1136 2781 1315 2845 venit
1358 2782 1622 2868 aliquis)
1666 2782 1843 2849 Mab.
1876 2784 1932 2863 2,
1967 2784 2068 2849 23.

369 2881 583 2957 Οροτῐι.
626 2883 869 2951 KYNS
912 2884 1007 2970 (p.
1044 2882 1214 2966 153),
1260 2884 1382 2949 etsi
1426 2885 1635 2971 magis
1664 2885 1952 2951 adverbii
1981 2884 2234 2970 (antea)
2277 2886 2418 2951 vice
2463 2884 2760 2971 fungitur,
2807 2887 3118 2958 interdum

223 2993 411 3051 tamen
448 2986 947 3073 praepositionis
1003 2986 1210 3051 locum
1255 2986 1527 3053 obtinet:
1584 2986 1733 3073 leym
1772 3009 1890 3071 pen
1935 2990 2214 3072 trydyclc,
2270 2987 2390 3071 lcyn
2427 3008 2549 3071 peu
2593 3000 2689 3072 try
2734 2990 2886 3074 ἅμα)
2941 2990 3118 3073 (ante

226 3086 389 3151 finem
433 3089 654 3173 tridui)
696 3088 780 3153 D.
815 3090 969 3168 3473
1019 3089 1199 3151 1761.
1243 3088 1429 3155 2863.
1482 3088 1633 3174 leym
1672 3108 1789 3170 pen
1831 3088 2050 3173 aytlayn
2093 3089 2272 3173 (ante
2315 3088 2508 3153 finem
2551 3088 2996 3175 hebdomadis)
3042 3091 3117 3157 R.

85 3198 87 3203 '
224 3188 312 3251 30.
357 3189 499 3275 leym
538 3201 749 3277 vyttyn
793 3189 973 3273 (ante
1001 3188 1405 3273 matutinum)
1439 3186 1519 3254 O.
1556 3190 1737 3253 1644.
1826 3188 1990 3257 Cum
2031 3188 2372 3255 infinitivo:
2419 3190 2569 3273 leym
2599 3190 2698 3253 bos
2743 3215 2817 3253 zm
2861 3215 2969 3255 nos
2999 3205 3117 3255 tre-

222 3310 401 3375 menya
438 3292 807 3379 (antequam
853 3290 1251 3378 praeterierit
1286 3293 1449 3373 nox)
1490 3288 1573 3353 D.
1606 3290 1749 3357 890.
1806 3290 1949 3355 leem
1991 3313 2120 3355 ‘moe
2149 3295 2258 3376 eff
2295 3296 2672 3377 (antequam
2703 3292 2780 3373 ie,
2827 3292 3004 3377 bibe)
3038 3292 3117 3358 O.

226 3392 395 3473 &2943
434 3417 575 3459 cum
620 3393 955 3459 adverbio:
1000 3393 1153 3478 leym
1198 3392 1459 3476 lemmyn
1502 3390 1873 3476 (antequam
1913 3416 2104 3472 nunc,
2151 3392 2385 3476 adhuc)
2429 3391 2510 3457 D.
2549 3394 2730 3457 1413.

366 3497 610 3561 Arem.
640 3494 917 3561 KENT:
964 3506 1147 3580 quent
1176 3493 1383 3578 (ante)
1416 3491 1601 3559 Cath.
1656 3494 1765 3557 dre
1791 3516 1988 3579 qracc
2021 3496 2199 3557 dimin
2225 3494 2586 3577 predatinet
2627 3507 2810 3577 quent
2839 3516 3120 3557 comam-c

226 3618 295 3659 cm
333 3596 429 3661 bec
455 3597 709 3682 (divina
750 3595 957 3682 gratia
996 3596 1535 3683 praedestinatum
1580 3604 1727 3661 ante
1757 3595 2008 3661 initium
2049 3596 2296 3678 mundi)
2325 3595 2489 3661 Buh.
2522 3598 2620 3677 78,
2654 3598 2752 3661 24.
2811 3608 2992 3679 quent
3021 3608 3120 3681 try

228 3698 315 3759 dez
355 3700 526 3783 (ante
567 3697 876 3782 triduum)
923 3698 1059 3764 MJ.
1094 3699 1173 3763 78
1187 3698 1247 3763 1).
1303 3708 1486 3780 quent
1528 3722 1613 3761 an
1654 3700 1763 3761 dez
1807 3698 1988 3782 (ante
2019 3697 2219 3781 diem)
2255 3700 2371 3763 189
2385 3720 2442 3766 a.
2497 3711 2681 3781 quent
2725 3723 2851 3761 ann
2897 3722 3005 3762 nos
3033 3702 3120 3763 du

227 3798 379 3881 (ante
416 3810 667 3867 noctem
722 3800 955 3885 atram)
1016 3800 1134 3864 113
1148 3800 1209 3864 b.
1280 3808 1466 3883 quent
1506 3798 1855 3863 abardalzez
1910 3798 2088 3883 (ante
2143 3800 2510 3887 vesperum)
2573 3802 2690 3865 156
2703 3822 2760 3863 a.
2828 3811 3012 3883 quent
3061 3822 3122 3865 se

228 3899 379 3981 (ante
418 3902 559 3983 hoc,
600 3902 849 3988 potius)
899 3904 1045 3967 lOa.
1076 3901 1229 3965 311).
1264 3900 1421 3965 361).
1468 3898 1621 3965 741).
1656 3901 1807 3963 773..
1848 3899 2004 3965 931).
2047 3900 2200 3965 941).
2237 3902 2429 3968 1871).
2519 3900 2680 3967 Cum
2723 3899 2864 3965 inf.·:
2927 3912 3118 3984 quent

228 3998 345 4063 bont
380 4004 481 4067 dez
522 4024 715 4087 anezy
759 4003 937 4087 (ante
980 4024 1168 4088 quam
1210 4001 1285 4065 fit
1324 3998 1492 4082 dies)
1536 4002 1614 4064 61
1632 4022 1689 4065 a.
1750 4011 1936 4083 quent
1959 4001 2214 4086 soryaff
2251 4026 2335 4064 an
2379 3999 2472 4063 bet
2529 4001 2708 4084 (ante
2749 4001 3114 4067 fabricatio-

228 4122 345 4165 nem
380 4103 625 4186 mundi)
672 4105 829 4171 691).
899 4116 1085 4187 qtoent
1126 4102 1376 4185 elzanaff
1428 4099 1827 4186 (priusquam
1873 4101 2222 4185 cuncteris)
2267 4103 2347 4167 98
2361 4103 2420 4169 b.
2488 4114 2672 4185 quent
2727 4103 2866 4167 bont
2920 4116 3122 4167 enon-ec

234 4200 570 4289 (antequam
608 4203 986 4290 honoretur)
1023 4205 1211 4271 1091).
1273 4214 1456 4287 quent
1498 4225 1531 4267 e
1556 4224 1669 4265 ren
1710 4204 1837 4267 dan
1867 4224 2043 4267 maro
2090 4202 2460 4289 (antequam
2505 4226 2644 4269 eum
2691 4205 2996 4270 ducerent
3037 4204 3118 4268 ad

231 4306 485 4385 mortem)
535 4308 653 4369 115
668 4332 725 4372 a.

364 4405 483 4472 His
528 4407 1115 4493 praepositionibus
1163 4404 1633 4473 adnumeranda
1676 4414 1777 4469 est
1816 4426 1944 4469 vox
1971 4403 2290 4469 cambrica
2315 4404 2484 4473 NES
2529 4406 2762 4492 (usque
2805 4407 2918 4485 ad3
2965 4428 3117 4470 con·-

236 4514 435 4572 structa
478 4530 625 4573 cum
670 4508 1019 4575 infinitivo:
1078 4508 1309 4589 donec,
1354 4506 1509 4587 nisi3
1568 4506 1647 4572 cf.
1693 4500 1841 4582 nes,
1869 4508 2072 4589 nenas,
2118 4506 2396 4593 propior,
2441 4508 2790 4592 proximus,
2837 4531 2897 4594 p.
2931 4508 3116 4590 299):

234 4622 583 4696 myuqueret
635 4632 721 4695 ny
764 4610 1031 4695 chysqaf
1076 4610 1203 4673 hem
1258 4609 1443 4695 lonyd
1496 4630 1599 4671 nes
1654 4606 1894 4693 9wybot
1943 4608 2212 4691 ckwedyl
2265 4607 2412 4695 (per
2459 4609 2650 4673 fidem
2703 4632 2932 4691 meam,
2991 4632 3120 4673 non

237 4707 499 4778 dormiam
545 4734 839 4779 somnum
882 4710 1160 4796 plenum,
1206 4712 1411 4777 donec
1440 4709 1641 4775 sciam
1670 4709 1993 4794 nuntium)
2030 4709 2204 4775 Mab.
2243 4712 2295 4791 1,
2329 4710 2471 4775 284.
2529 4733 2630 4775 ηε.)
2659 4712 2844 4795 dyuot
2882 4710 3120 4795 qilenn-

234 4809 317 4873 hia
358 4816 613 4880 urenlzin
664 4814 883 4898 ffreinc
938 4834 1022 4898 ny
1074 4813 1231 4877 helio·
1283 4812 1471 4877 twrch.
1525 4812 1745 4897 tmoyth
1793 4812 1938 4895 vytlz
1991 4810 2242 4875 hebdam
2314 4811 2551 4895 (donec
2606 4812 2822 4876 veniet
2863 4811 2945 4878 G.
3005 4834 3114 4877 rex

232 4908 595 5000 Francorum,
628 4938 761 4981 non
789 4914 1075 5001 capietur
1103 4913 1177 4979 T.
1210 4900 1287 4979 T.
1317 4914 1456 4979 sine
1486 4936 1565 4979 eo
1597 4911 1900 4999 unquam)
1934 4915 1991 4992 2,
2025 4914 2166 4977 226.
2227 4924 2338 4997 πμ
2383 4914 2641 4979 aruaetlo.
2677 4912 2861 4996 kaffel
2888 4913 3122 4997 llesritlc

230 5034 264 5095 y
295 5016 447 5105 bawp
485 5042 591 5085 nea
630 5018 817 5103 kaffel
858 5016 1069 5083 bot-heu
1111 5019 1337 5081 m‘nnon
1382 5015 1537 5099 (non
1586 5024 1799 5103 potest
1838 5018 1980 5101 capi
2028 5018 2128 5081 lac
2156 5037 2380 5082 recens
2425 5015 2648 5090 cuiviS‚
2693 5017 2818 5082 nisi
2865 5038 3116 5082 suman-
