3717 5642
471 555 480 564 ι
556 455 719 531 vm
755 461 922 532 (vm.
951 459 1056 533 m
1637 480 2017 534 marano
2060 483 2415 534 moronis.

564 651 768 718 forma
824 654 1046 720 eadem
1092 652 1586 740 deprehenditur
1601 705 1618 737 ‚
1675 677 1806 720 non
1847 653 2056 719 seboch,
2098 655 2449 722 secundum
2501 654 2789 740 regulam
2842 654 3023 721 iuxta
3074 653 3311 720 cambr.
3354 663 3481 720 vet.

565 763 794 828 hebeno
823 763 918 852 (p.
953 765 1132 850 849),
1177 766 1323 831 hod.
1357 765 1558 852 heboy.
1642 764 1994 832 'Caratacus
2036 789 2271 833 nomen
2298 767 2421 832 viri
2468 765 2767 852 gallicum
2806 765 2877 831 in
2907 765 3327 851 inscriptione
3370 765 3485 832 ob-

567 874 737 938 vium
785 875 918 963 (ap.
950 867 1133 943 Grut.
1166 877 1306 959 902,
1339 876 1411 961 5)
1454 877 1522 942 ιιι
1553 876 1775 942 eadem
1815 898 2025 963 paene
2064 877 2268 944 forma
2310 886 2411 943 est
2447 899 2679 942 nomen
2722 877 2845 942 viri
2874 876 3299 943 britannicum
3344 876 3485 942 vul-

566 984 982 1070 gatissimum,
1027 987 1095 1052 in
1136 989 1491 1054 vetustiore
1537 985 1875 1070 caratauc,
1916 989 1987 1053 in
2030 988 2385 1055 recentiore
2430 986 2735 1068 Caradoc,
2781 985 3094 1076 Caradoq,
3138 1011 3281 1054 cum
3324 1010 3484 1053 nou-

563 1093 692 1160 nisi
737 1098 934 1162 semel
973 1097 1126 1162 mihi
1170 1108 1462 1164 occurrat
1501 1099 1901 1165 hibernicum
1947 1097 2260 1166 Carthach
2300 1097 2395 1185 (p.
2428 1098 2562 1181 72).

730 1204 916 1272 Duae
961 1219 1110 1274 sunt
1147 1209 1342 1295 igitur
1385 1211 1727 1276 varietates
1771 1210 2039 1275 celticae
2082 1209 2341 1296 linguae
2384 1207 2784 1295 praecipuae.
2870 1207 2995 1274 Est
3036 1229 3165 1272 una
3204 1206 3483 1272 hiber-

563 1313 776 1398 nica,
839 1339 919 1382 ex
959 1340 1084 1405 qua
1134 1328 1524 1407 propagatae
1579 1329 1728 1386 sunt
1767 1320 2025 1406 linguae
2068 1319 2275 1386 adhuc
2316 1329 2608 1386 extantes
2662 1318 2851 1385 huius
2895 1315 3190 1406 generis,
3250 1316 3319 1380 in
3360 1315 3485 1380 Hi-

561 1422 842 1490 ber-nia
824 1448 970 1511 ipsa
1009 1428 1431 1496 hibernica
1471 1420 1901 1514 hodierna,
1947 1439 2013 1497 et
2050 1429 2120 1495 in
2159 1428 2553 1496 Britannia‘
2534 1453 2603 1494 ιιι
2644 1428 2995 1512 montibus,
3053 1449 3213 1513 quos
3258 1426 3486 1492 dicunt

563 1535 860 1618 scoticOS,
924 1539 1245 1623 gaelica
1300 1540 1373 1625 (i.
1405 1563 1460 1606 e.
1506 1539 1890 1626 gaedelica?
1944 1550 2015 1606 ut
2054 1539 2327 1606 Hiberni
2380 1540 2509 1627 ipsi
2562 1563 2741 1606 suam
2794 1539 3080 1624 linguam
3138 1537 3482 1625 appellant,

568 1645 781 1711 media
823 1648 1146 1734 excussa),
1193 1671 1356 1735 quae
1401 1652 1691 1738 quamvis
1733 1659 1873 1716 tuta
1914 1651 1983 1716 in
2027 1651 2175 1716 altis
2220 1650 2471 1737 alpibus
2511 1649 2865 1716 vetustiora
2904 1657 3312 1714 monumenta
3349 1670 3484 1712 non

563 1757 864 1840 servavit,
909 1767 1185 1823 attamen
1215 1758 1283 1824 in
1311 1771 1568 1828 vetusta
1604 1762 1937 1828 hibernica
1974 1759 2453 1826 fundamentum
2480 1760 2691 1827 habet.
2764 1759 2989 1826 Altera
3031 1768 3132 1824 eet
3174 1758 3483 1824 britan-

559 1865 745 1930 nica
783 1866 1027 1952 lingua,
1074 1869 1178 1934 cui
1220 1872 1574 1956 proximam
1617 1871 1985 1957 gallicam
2028 1870 2367 1956 priscam
2408 1870 2612 1936 fuisse
2656 1869 3143 1935 demonstratum
3173 1877 3292 1951 est,
3339 1875 3404 1933 et
3444 1889 3487 1932 a

561 1997 687 2060 qua
714 1986 1100 2063 propagatae
1131 1989 1276 2045 sunt
1307 1982 1730 2064 cambrica,
1778 1981 2142 2063 cornica,
2174 1980 2655 2064 aremorica,
2702 2001 2865 2067 quae
2896 2001 3116 2046 omnes
3144 1977 3489 2066 possident

559 2097 964 2152 monumenta
1018 2089 1164 2174 plus
1220 2091 1326 2156 vel
1370 2093 1580 2157 minus
1621 2100 1902 2174 vetusta,
1958 2091 2147 2156 vivae
2176 2100 2269 2170 ,et
2311 2089 2501 2156 hodie
2540 2091 2610 2155 in
2654 2111 2764 2156 ore
2806 2090 3059 2178 populi,
3114 2087 3375 2174 scriptis
3420 2099 3486 2154 et

561 2195 966 2280 carminibus,
1015 2212 1284 2289 excepta
1326 2203 1610 2284 cornica,
1658 2224 1822 2288 quae
1866 2202 1993 2267 iam
2034 2200 2470 2286 praeter-lapso
2518 2202 2775 2267 saeculo
2820 2201 3011 2266 etiam
3062 2198 3132 2263 in
3178 2197 3338 2264 vicis
3380 2219 3485 2264 re-

561 2303 770 2389 gionis
813 2303 1180 2378 Cornubiae
1222 2312 1427 2379 audiri
1471 2311 1746 2380 desiit*

692 2581 718 2608 ‘¹
763 2581 888 2636 Tres
933 2581 1025 2636 filii
1072 2584 1298 2639 Usnechi
1341 2585 1397 2639 in
1441 2587 1648 2638 vetusta
1691 2584 1955 2638 hibernica
1998 2585 2291 2638 narratione
2336 2585 2401 2637 de
2434 2599 2610 2637 eorum
2642 2583 2857 2636 interitu
2892 2581 3140 2634 dicuntur
3179 2577 3249 2632 tn·
3284 2579 3485 2633 coinnle

553 2665 767 2736 qaieyed
806 2683 910 2720 nan
956 2669 1151 2739 qaedal
1180 2672 1314 2736 (tria
1347 2671 1543 2725 lumina
1577 2671 1761 2724 valoris
1797 2669 2157 2735 Gaedalorum)
2201 2669 2281 2724 ed.
2314 2669 2519 2725 O'Flan.
2564 2685 2652 2738 pp.
2690 2673 2772 2721 20.
2812 2673 2895 2720 78.
2976 2667 3036 2720 In
3081 2681 3143 2718 ea
3186 2666 3485 2719 narratione

553 2752 761 2821 scriptio
797 2768 860 2806 ae
891 2753 1090 2808 obtinet
1123 2769 1230 2809 non
1264 2755 1430 2809 solum
1463 2771 1558 2826 pro
1592 2757 1873 2811 vetustiore
1908 2755 1967 2808 as·
1976 2795 1989 2820 ‚
2038 2771 2083 2809 e.
2116 2771 2194 2826 gr.
2228 2757 2285 2808 in
2318 2769 2403 2808 aes
2437 2757 2626 2819 (aetas,
2662 2757 2763 2806 vet.
2798 2752 2895 2817 ἀῶ,
2928 2751 3031 2816 tice,
3060 2751 3322 2806 interdum
3355 2750 3485 2818 des),

552 2837 642 2890 sed
675 2839 830 2892 etiam
865 2855 960 2909 pro
995 2838 1066 2904 di,
1098 2856 1143 2896 e.
1178 2857 1254 2908 gr.
1289 2843 1347 2896 in
1381 2857 1477 2896 aen
1509 2843 1690 2906 (unus,
1725 2843 1828 2894 vet.
1866 2838 1977 2904 den,
2010 2838 2115 2905 din,
2148 2855 2420 2909 nunquam
2460 2839 2593 2906 tien),
2626 2839 2702 2892 ita
2734 2843 2798 2892 ut
2831 2838 2999 2908 colligi
3032 2838 3197 2908 possit
3228 2838 3484 2892 vetustior

553 2923 714 2976 forma
749 2926 968 2978 nominis
1011 2929 1104 2978 aut
1132 2925 1320 2994 9ἀίάαὶ
1351 2929 1445 2979 aut
1473 2923 1673 2995 ydidal.
1744 2927 1974 2996 Utraque
2009 2926 2217 2995 scriptio
2252 2926 2475 2978 alternat
2519 2926 2577 2978 in
2622 2924 2809 2978 Annal.
2846 2923 3040 2977 Inisfal.
3084 2939 3168 2992 ap.
3204 2922 3390 2979 O'Con.
3426 2929 3483 2988 2,

558 3011 639 3061 50.
675 3013 764 3062 51:
805 3011 884 3078 fir
917 3008 1072 3063 ermd
1112 3018 1215 3064 ster
1244 3012 1394 3081 yullu
1429 3017 1457 3063 7
1489 3010 1730 3081 quedelu,
1773 3012 1853 3080 fir
1888 3008 2043 3063 erend
2073 3017 2175 3062 εἰει·
2203 3007 2351 3079 yullu
2388 3015 2417 3062 7
2450 3008 2661 3079 yoedetu
2697 3009 2815 3073 (viri
2849 3007 3122 3061 Hiberniae
3160 3011 3264 3062 tam
3301 3009 3483 3062 alieni-

555 3109 714 3162 genae
750 3112 906 3164 quam
942 3095 1197 3162 Gaedeli),
1243 3099 1296 3149 et
1328 3112 1380 3166 p.
1408 3101 1500 3150 75:
1539 3094 1804 3149 Mur-chad
1835 3096 1889 3146 ri
1915 3094 2031 3163 yall
2066 3100 2093 3146 7
2126 3093 2304 3164 qoedcl
2334 3094 2389 3147 in
2424 3093 2689 3147 Athcliatlt
2742 3094 2831 3158 (M.
2866 3109 2957 3146 rex
2994 3094 3391 3163 alienigenarum
3428 3097 3486 3146 et

533 3173 891 3234 ‘Gaodelorum
925 3181 1193 3247 Dublinii).
1263 3183 1392 3236 Item
1425 3183 1530 3236 iam
1563 3183 1620 3236 in
1654 3180 2021 3236 vetustioribus
2054 3179 2329 3244 codicibus,
2360 3181 2419 3234 in
2452 3179 2617 3236 Gloss.
2642 3179 2807 3233 Gorm.
2842 3181 2897 3232 et
2928 3178 3083 3234 Leab.
3109 3179 3221 3234 Br.:
3260 3178 3325 3232 do
3354 3195 3481 3249 qae-

556 3263 686 3328 delu,
723 3282 752 3318 ο
783 3265 993 3336 φοεάεὶιι
1025 3267 1153 3332 (dat.
1188 3283 1282 3336 pro
1317 3270 1447 3332 acc.)
1481 3284 1562 3336 ap.
1599 3267 1848 3322 O'Donov.
1884 3280 1973 3334 pp.
2004 3269 2115 3319 123.
2150 3271 2265 3319 219.
2334 3265 2437 3319 Sed
2462 3265 2519 3318 ai
2550 3266 2760 3334 scriptio
2794 3267 3017 3319 occurrit
3046 3264 3188 3334 apud
3212 3264 3485 3319 Gis-aldum

555 3345 916 3403 cambrensem
951 3353 1056 3420 (ap.
1092 3349 1268 3406 Gamd.
1303 3370 1355 3422 p.
1383 3356 1528 3419 737):
1578 3349 1722 3405 ‘dicti
1758 3353 1883 3403 sunt
1922 3346 2139 3414 Gaideli,
2194 3351 2319 3404 dicti
2353 3356 2478 3404 sunt
2510 3355 2564 3404 et
2596 3350 2769 3415 Scoti',
2817 3349 3100 3404 'hibernica
3130 3351 3311 3419 lingua
3346 3366 3486 3419 quae

554 3437 606 3484 et
635 3431 918 3488 Gaidelacb
951 3434 1167 3488 dicitur'.
1239 3435 1440 3491 Gaedal
1478 3435 1604 3490 Glas
1641 3435 1670 3489 ό
1709 3434 1804 3489 tait
1842 3433 2029 3488 Gaedil
2058 3433 2117 3488 B.
2155 3434 2443 3504 Ballymote
2476 3437 2559 3489 fol.
2593 3442 2667 3499 11,
2704 3451 2787 3505 ap.
2815 3435 2999 3491 O’Don.
3038 3453 3087 3506 p.
3117 3439 3231 3489 170.
3302 3433 3383 3487 Ex
3418 3451 3487 3487 ae

553 3517 645 3570 illa
679 3520 954 3590 scriptione
987 3521 1089 3573 iam
1125 3522 1403 3576 recentiore
1437 3525 1574 3576 facta
1609 3522 1856 3576 hodierna
1892 3537 1957 3574 ao
1996 3521 2077 3573 vel
2102 3521 2205 3585 aoi,
2240 3525 2303 3573 ut
2336 3521 2393 3575 in
2424 3537 2527 3575 aon
2560 3523 2758 3586 (unus),
2794 3521 2905 3573 aoia
2928 3523 3135 3585 (aetas),
3170 3523 3389 3589 apparet
3424 3521 3485 3574 in

555 3603 672 3656 hod.
703 3603 980 3673 yaoidheal
1011 3607 1315 3673 (Hibernas)
1330 3649 1345 3674 ,
1377 3608 1642 3680 quoidlzilq
1676 3609 1876 3676 (lingua
1910 3606 2207 3671 hibernica).
2280 3606 2559 3660 Peculiaris
2607 3609 2687 3658 est
2728 3604 2892 3658 forma
2936 3606 3087 3659 obvia
3118 3607 3174 3658 in
3210 3609 3347 3662 Ann.
3384 3606 3481 3660 IV.

553 3689 809 3758 magistu:
853 3691 1050 3760 quoind
1085 3697 1112 3745 7
1146 3693 1277 3762 9οἰἱὶ
1318 3693 1544 3758 (Gaideli
1587 3699 1642 3748 et
1675 3693 2019 3762 alienigenae)
2067 3691 2247 3747 O’Gon.
2287 3696 2335 3756 3,
2372 3696 2498 3756 761,
2535 3707 2647 3762 gen.
2683 3706 2792 3742 nan
2820 3689 3018 3759 yacind
3049 3695 3163 3743 754.
3193 3696 3319 3754 824,
3366 3691 3481 3746 dat.

549 3773 862 3842 yaoindaihla
901 3780 1018 3831 348.
1044 3782 1161 3842 809,
1196 3782 1250 3831 et
1283 3781 1358 3832 ita
1389 3781 1445 3834 in
1479 3782 1594 3834 aliis
1627 3778 1935 3851 quibusdam
1972 3777 2111 3840 locis,
2148 3793 2266 3830 cum
2302 3777 2357 3830 in
2381 3777 2498 3829 aliis
2532 3791 2709 3829 rursus
2744 3776 2895 3829 solita
2927 3777 3089 3828 forma
3124 3776 3365 3828 obtineat.
3416 3777 3485 3830 In

556 3860 745 3928 hymno
787 3860 842 3912 in
865 3859 919 3915 S.
943 3861 1219 3916 Patricium
1254 3853 1528 3918 Hiberniae
1561 3865 1758 3917 incolae
1793 3859 2148 3932 significantur
2182 3861 2351 3914 adhuc
2376 3861 2643 3914 Scotorum
2676 3863 2909 3916 nomine:
2950 3859 3217 3931 pridchat's
3264 3860 3329 3913 do
3362 3876 3483 3914 eco-

551 3943 656 3996 taib
691 3945 1026 4013 (praedicavit
1059 3947 1248 4014 Scotis)
1280 3949 1400 4002 dist.
1435 3954 1511 4014 18,
1546 3963 1664 4002 cum
1699 3955 1724 4000 t
1753 3951 1955 4002 servata
1990 3947 2056 3999 ob
2078 3945 2335 4015 duplicem
2374 3945 2863 4015 pronuntiationem,
2898 3951 2961 4002 ut
2992 3947 3051 4000 in
3074 3951 3200 4009 croc,
3236 3945 3483 4000 monich-

554 4029 663 4084 ther
696 4031 942 4097 (cithara,
979 4034 1340 4098 citharizatur,
1386 4053 1438 4104 p.
1475 4037 1592 4100 67),
1634 4035 1771 4102 plur.
1807 4029 2075 4084 wuitedluz
2122 4033 2354 4096 (crottae,
2392 4030 2606 4100 harpae)
2640 4029 2836 4084 Deirdr.
2886 4048 2937 4099 p.
2979 4034 3056 4085 16.
3124 4031 3179 4084 Si
3214 4031 3484 4084 confert-ur

554 4117 746 4168 cambr.
780 4117 974 4186 yeywtla
1019 4120 1092 4187 (p.
1133 4120 1252 4183 151)
1295 4124 1348 4172 et
1393 4119 1588 4172 hibern.
1619 4116 1777 4188 qaoth
1810 4117 2054 4186 (impetus
2064 4119 2136 4182 ἲ),
2182 4116 2319 4185 quod
2366 4116 2677 4185 supponitur
2718 4117 2774 4168 in
2810 4113 3042 4169 Cormaci
3089 4117 3243 4186 gloss.
3288 4117 3387 4169 sub
3428 4133 3480 4170 v.

549 4199 805 4269 yaodheal
837 4217 917 4270 ap.
956 4203 1094 4267 O’R„
1130 4205 1183 4255 et
1216 4219 1247 4256 a
1283 4219 1384 4273 quo
1419 4205 1503 4256 vix
1538 4203 1710 4256 differt
1744 4202 1907 4255 subst.
1944 4205 2046 4256 vet.
2076 4199 2219 4270 qaid,
2250 4201 2395 4271 ya't‘th
2429 4203 2653 4265 (ventus,
2690 4217 2740 4269 p.
2779 4202 2918 4265 308),
2952 4199 3225 4270 utriusque
3256 4202 3487 4254 nominis

553 4284 864 4354 significatio
897 4287 1075 4340 eadem
1113 4288 1316 4341 videtin
1347 4290 1520 4352 fuisse,
1554 4290 1586 4342 i.
1628 4305 1670 4342 e.
1707 4288 1947 4355 inquieti,
1982 4287 2257 4355 impetuosi
2291 4288 2375 4350 (cf.
2412 4288 2621 4340 nomina
2653 4285 2961 4354 populorum
2994 4287 3180 4355 gallica
3214 4285 3398 4340 Gabali
3436 4309 3483 4334 2-

545 4370 712 4440 gafal,
748 4387 832 4439 ap.
868 4370 1034 4427 Gorm.
1071 4388 1254 4440 synon.
1292 4389 1410 4426 cum
1441 4373 1699 4443 qaodloeal
1713 4413 1728 4438 ,
1773 4374 1825 4424 et
1857 4369 2103 4435 Cavares,
2140 4373 2330 4425 cambr.
2370 4386 2513 4424 cazor
2526 4410 2540 4436 ,
2574 4371 2755 4440 gigas).
2828 4370 2999 4422 Etiam
3043 4373 3255 4424 tertium
3289 4387 3485 4426 nomen

552 4459 809 4508 vetustum
847 4459 1014 4526 gentis
1049 4458 1343 4512 hibernicae
1379 4455 1526 4522 Fem',
1564 4474 1592 4511 e
1628 4473 1731 4528 quo
1755 4457 2027 4520 Phaenius,
2064 4457 2317 4521 Fenisius,
2354 4461 2590 4509 vetustus
2626 4455 2789 4517 heros,
2826 4458 2995 4506 ortum
3029 4457 3269 4525 sumpsit,
3305 4463 3358 4509 et
3394 4474 3483 4509 ve-

553 4545 693 4593 tusta
727 4543 902 4610 lingua
935 4543 1185 4596 dialectus
1220 4545 1426 4596 feniana
1461 4543 1538 4594 vel
1574 4542 1865 4612 phaeniana
1899 4541 2179 4605 dicebatur,
2214 4542 2402 4611 legitur
2434 4543 2489 4594 in
2513 4541 2705 4607 hymno
2738 4540 2792 4591 in
2827 4539 2879 4594 S.
2904 4539 3199 4604 Patricium,
3234 4540 3355 4595 dist.
3382 4547 3483 4596 20:

547 4625 817 4694 ffldchais
853 4627 1090 4694 trifickce
1122 4627 1334 4680 bliadan
1369 4626 1544 4680 croicla
1569 4628 1694 4680 emt
1717 4625 2017 4680 dothuataib
2037 4627 2175 4695 fene.
2241 4625 2605 4686 ‘Praedicavit,
2642 4625 2910 4688 Patricius,
2964 4629 3043 4679 ter
3078 4627 3277 4681 vicenos
3312 4643 3483 4682 annos

551 4725 756 4764 crucem
792 4710 982 4766 Christi
1015 4713 1350 4782 popularibus
1383 4711 1690 4766 Feniorum.'
1757 4711 1873 4765 Duo
1906 4713 2032 4764 haec
2068 4714 2275 4766 nomina
2308 4710 2476 4780 gentis
2510 4709 2739 4764 obsoleta
2786 4712 2843 4764 in
2878 4711 3145 4775 Hibernia,
3190 4729 3309 4766 cum
3356 4730 3478 4783 per-

549 4797 796 4849 manserit
829 4796 955 4850 illud
991 4799 1231 4866 primum,
1269 4801 1546 4850 occurrunt
1579 4798 1634 4850 in
1667 4793 1842 4850 codice
1878 4797 2139 4851 hibernico
2174 4798 2326 4852 Stow.
2361 4801 2410 4848 4.
2446 4813 2528 4865 ap.
2571 4795 2754 4851 O'Con.
2796 4804 2840 4860 1,
2878 4796 3073 4866 Proleg.
3110 4799 3172 4860 11,
3211 4815 3262 4868 p.
3299 4797 3481 4856 XCVI

546 4881 601 4931 in
636 4880 946 4934 dictionibus
982 4883 1215 4950 repetitis
1250 4883 1369 4934 elan
1402 4899 1473 4934 πα
1511 4881 1651 4946 Scot,
1691 4883 1811 4935 elan
1841 4899 1915 4934 na
1938 4879 2114 4936 Fened
2146 4881 2260 4948 (filii
2292 4881 2579 4946 Scotorum,
2615 4881 2975 4945 venedorum),
3012 4883 3199 4950 quibus
3224 4886 3379 4952 primi
3418 4888 3479 4940 in

547 4964 796 5018 Hibernia
839 4966 1063 5020 advenae
1109 4965 1474 5037 significantur.
1545 4969 1683 5022 Haec
1729 4969 1892 5022 forma
1926 4965 2102 5020 Feraed
2147 4969 2188 5020 si
2236 4972 2375 5021 recta
2408 4971 2489 5019 est
2533 4967 2679 5032 (alias
2714 4963 2877 5031 Fene,
2922 4965 3079 5019 Fec'ne
3112 4967 3304 5038 legitur
3336 4970 3477 5023 dun-

548 5054 716 5116 taxat3
751 5052 842 5105 sed
881 5053 944 5105 cf.
979 5054 1034 5107 O
1038 5052 1165 5107 Don.
1199 5070 1252 5122 p.
1286 5057 1411 5106 104.
1431 5051 1628 5120 seim,
1663 5070 1696 5107 a
1729 5055 1880 5108 hero·
1924 5072 1955 5107 o
1988 5053 2328 5107 eruit-limat&
2349 5053 2473 5123 fola
2506 5069 2579 5106 na
2614 5053 2643 5106 b
2630 5036 2901 5122 ςΐόίιιηίοᾶ
2966 5053 3093 5106 from
3128 5053 3216 5106 the
3252 5059 3478 5110 streams

549 5137 604 5188 of
637 5136 722 5188 the
757 5137 905 5191 blood
941 5139 997 5191 of
1026 5138 1114 5191 the
1137 5138 1351 5192 heroes)
1387 5138 1534 5192 Keat
1560 5139 1690 5192 nist.
1729 5159 1778 5209 p.
1815 5145 1945 5205 146),
2000 5156 2117 5192 cum
2155 5139 2345 5194 cambr.
2388 5137 2659 5209 θιοῃπεάἀ,
2712 5137 3000 5204 Venedotia,
3038 5140 3343 5194 conferenda
3378 5151 3478 5196 est.

713 5225 878 5276 *lam
913 5240 1005 5292 per
1041 5226 1300 5277 saeculum
1328 5225 1582 5278 decimum
1619 5226 1898 5294 septimum
1933 5228 2084 5279 desiit
2119 5243 2229 5278 csse
2264 5227 2547 5279 communis
2584 5227 2771 5296 lingua,
2810 5227 3001 5278 usitata
3038 5231 3239 5279 tantum
3264 5227 3317 5278 ιιι
3342 5243 3477 5295 pau-

553 5308 642 5360 cis
679 5308 986 5378 quibusdam
1021 5313 1074 5361 et
1105 5311 1314 5363 remotis
1349 5311 1492 5366 loclS.
1561 5309 1758 5363 Dicitur
1795 5317 1966 5365 tamen
2002 5311 2155 5364 huius
2190 5312 2369 5381 populi
2398 5311 2583 5366 ultima
2616 5312 2849 5365 comicae
2883 5312 3089 5380 linguae
3120 5327 3281 5381 gam
3316 5309 3483 5383 Dolly
