3717 5642
610 412 735 476 674
824 414 964 475 (639-
990 414 1147 475 640).
1380 412 1493 477 IV.
1540 414 1597 477 2.
1664 430 2238 478 Pmrosrrronns
2281 428 2757 477 Bmmmcffl.

774 594 915 676 AT,
960 594 1139 663 ATT
1170 596 1332 681 (ad),
1378 600 1769 685 praepositio
1814 599 2132 664 cambrica
2173 599 2331 665 satis
2375 598 2692 683 hequem,
2739 597 2862 662 etsi
2891 594 3242 663 secundum
3269 616 3348 663 ea
3374 617 3526 682 quae

612 696 692 761 de
734 696 965 762 mediis
1012 699 1323 763 cambrice
1366 700 1683 765 interdum
1724 701 2339 786 transgredientibus
2393 701 2462 765 in
2503 706 2729 765 tenues
2773 712 2970 783 supra
3013 697 3341 782 disputata
3393 706 3532 761 sunt
3667 690 3669 769 ζ

610 796 703 883 (p.
750 797 899 881 38),
967 801 1391 886 comparanda
1442 802 1646 867 videri
1698 811 1914 887 potest
1970 824 2111 867 cum
2152 810 2312 888 part.
2359 801 2472 867 ad-
2525 801 2595 865 in
2653 800 3028 887 compositis
3071 797 3422 865 hibernicis
3475 807 3532 861 et

610 900 860 984 gallicis
904 903 1197 985 vetustis,
1242 903 1446 969 inficit
1485 914 1697 970 tamen
1740 926 2060 969 consonas
2105 912 2446 988 sequentes
2491 902 2584 989 (p.
2623 901 2794 985 199).
3668 896 3669 927 ³

770 1001 1108 1091 Exempla:
1147 1027 1275 1090 yna
1300 1006 1519 1091 ydoetk
1560 1004 1657 1068 kei
1696 1017 1763 1068 at
1790 1006 2013 1069 arthur
2055 1005 2214 1088 (tum
2243 1007 2422 1072 venit
2451 1004 2526 1071 G.
2572 1004 2654 1069 ad
2686 1003 2792 1087 A.)
2821 1002 2995 1069 Mab.
3033 1006 3086 1082 l,
3116 1002 3222 1067 22.
3275 1024 3321 1086 y
3349 1002 3530 1065 chwe-
3668 1038 3669 1091 3

487 1127 497 1131 ·
605 1105 713 1187 εἰμί
752 1106 971 1169 αᾶοείΙι
1014 1118 1106 1170 att
1146 1108 1489 1171 nathobwch.
1532 1104 1825 1189 (nuntius
1869 1107 2097 1173 allatus
2145 1108 2368 1185 estad
2409 1106 2532 1191 M.)
2577 1108 2636 1187 3,
2670 1108 2771 1173 85.
2825 1105 3166 1192 ymclzoelut
3205 1124 3403 1167 aorm:
3442 1103 3532 1165 kei
3668 1120 3669 1189 }

602 1218 669 1268 at
706 1230 749 1291 y
786 1209 1247 1292 yedymdeitlzon
1292 1208 1634 1292 drachcfisn
1676 1208 1867 1291 (verti
1913 1210 2124 1296 coepit
2168 1208 2241 1277 C.
2289 1210 2370 1274 ad
2413 1209 2628 1275 socios
2671 1230 2824 1274 suos
2853 1207 3054 1291 retro)
3103 1209 3158 1286 1,
3191 1206 3294 1271 24.
3353 1200 3530 1291 dyuot
3668 1228 3669 1269 3

602 1329 791 1371 aoruc
830 1320 925 1372 att
952 1311 1140 1374 owein
1182 1310 1391 1394 (venit
1419 1312 1500 1376 ad
1531 1309 1643 1393 O.)
1678 1314 1735 1391 1,
1768 1312 1869 1377 20.
1925 1312 2112 1395 dyuot
2153 1322 2244 1375 att
2282 1334 2326 1395 y
2353 1332 2618 1394 vomyva,
2663 1321 2755 1375 att
2789 1332 2870 1395 φ·
2905 1311 3117 1373 iarues
3157 1307 3433 1390 (venire.
3455 1307 3530 1371 ad
3667 1324 3669 1361 ἐ

598 1409 891 1495 puellam,
939 1412 1354 1498 comitissam)
1392 1415 1445 1493 1,
1483 1413 1579 1477 15.
1618 1414 1713 1477 19.
1764 1414 1996 1498 ydeuth.
2037 1425 2132 1477 att
2165 1436 2209 1499 y
2235 1434 2384 1477 uam
2415 1414 2624 1496 (venit
2653 1413 2735 1478 ad
2761 1420 3024 1477 matrem
3055 1411 3264 1493 snam)
3300 1412 3358 1491 1,
3391 1408 3528 1475 236.

601 1510 745 1577 238.
802 1533 1021 1575 masau
1064 1536 1255 1579 aoruc
1296 1526 1389 1579 att
1426 1537 1469 1599 y
1506 1529 1729 1601 qam-ec
1772 1514 2342 1602 (appropinquavit
2384 1516 2464 1579 ad
2505 1514 2756 1601 rupem)
2805 1516 2860 1595 1,
2891 1516 2993 1579 31.

670 1636 707 1655 ⁷
772 1610 935 1679 Cum
964 1616 1446 1699 pronominibus
1478 1616 1752 1681 suffixis:
1794 1640 1925 1703 yna
1948 1640 1992 1702 y
2016 1617 2362 1703 qubydafi
2389 1618 2473 1703 dy
2501 1619 2676 1703 dyfot
2719 1618 2905 1681 citam
2931 1614 3110 1695 attasi
3137 1612 3303 1697 (tum
3332 1614 3532 1679 sciam
3668 1702 3669 1705 Ἴ

597 1714 819 1780 venire
856 1723 924 1781 te
970 1718 1049 1782 ad
1092 1717 1229 1801 me)
1270 1716 1445 1782 Mab.
1484 1720 1538 1800 1,
1576 1721 1671 1783 15.
1739 1720 1928 1803 dyuot
1970 1732 2038 1784 tu
2081 1744 2155 1785 ac
2198 1731 2358 1783 attat
2399 1719 2646 1801 (venire
2691 1718 2774 1783 ad
2813 1726 2878 1782 te
2917 1714 3176 1799 versus)
3225 1720 3284 1795 1,
3313 1715 3378 1779 8.
3433 1735 3532 1777 ne-

596 1817 853 1901 qessawl
906 1818 1045 1903 wglfi'
1094 1841 1137 1905 y
1176 1844 1305 1905 yan
1346 1820 1570 1884 arthur
1612 1832 1770 1885 attat
1826 1820 2158 1903 (mandata
2201 1831 2348 1886 sunt
2389 1821 2545 1885 mihi
2606 1821 2684 1886 ab
2729 1822 2810 1885 A.
2858 1818 2940 1883 ad
2979 1816 3075 1901 te)
3123 1819 3179 1897 1,
3211 1817 3360 1881 260.
3421 1817 3528 1901 dy·

596 1939 815 1981 masau
858 1921 1241 1984 aumeutkum
1284 1933 1471 1985 attam
1514 1920 2058 2009 (appropinquavi
2102 1923 2192 2006 ei)
2243 1926 2295 2005 1,
2329 1924 2388 1990 3.
2456 1924 2646 2009 ἀραοῦ
2683 1944 2876 1987 aoruc
2917 1921 3084 1985 lauet
3125 1921 3278 1983 αὐτοὶ
3319 1916 3534 2001 (venit

594 2017 670 2082 L.
716 2019 798 2084 ad
842 2042 999 2101 eam,
1046 2021 1469 2108 comitissam)
1516 2026 1572 2105 1,
1610 2026 1704 2089 18.
1772 2025 1993 2109 ydoeth
2036 2026 2326 2088 tm'clcaun·
2371 2026 2599 2111 oyewri
2637 2035 2832 2089 attam
2875 2022 3036 2106 (tres
3080 2020 3378 2107 gigantes
3423 2042 3532 2087 ve-
3668 2050 3669 2097 1

595 2130 828 2186 nerunt
868 2122 951 2186 ad
986 2122 1138 2206 nos)
1184 2124 1241 2205 2,
1274 2124 1377 2187 57.
1432 2125 1641 2209 dyuod
1680 2136 1992 2210 aoruyant
2028 2147 2073 2208 y
2119 2125 2207 2189 llu
2251 2136 2458 2190 attunt
2500 2122 2844 2207 (v'enerunt
2883 2122 3110 2207 copiae
3152 2122 3234 2187 ad
3277 2122 3430 2205 eos)
3477 2124 3532 2199 1,

596 2224 697 2288 25.
756 2246 831 2288 ac
871 2245 906 2287 ο
949 2224 1079 2288 dau
1120 2224 1233 2287 neb
1276 2224 1543 2317 atadunt
1584 2229 1806 2313 (atque
1849 2226 2053 2312 siquis
2097 2227 2345 2292 venerit
2391 2227 2474 2291 ad
2519 2226 2662 2309 eos)
2705 2224 2864 2309 Leg.
2897 2226 2956 2305 2,
2993 2227 3088 2305 11,
3121 2224 3224 2289 22.

762 2323 901 2388 ΑΜ
944 2325 1098 2412 (pro
1142 2318 1373 2407 AMM,
1419 2326 1547 2393 hib.
1580 2330 1747 2401 imm,
1791 2330 1990 2409 imme,
2037 2337 2164 2393 vet.
2205 2328 2351 2413 gall.
2383 2328 2576 2408 ambi,
2625 2328 2878 2407 circum,
2920 2325 3108 2405 circa,
3155 2323 3237 2389 cf.
3275 2346 3395 2409 pp.
3429 2324 3532 2389 84.
3667 2388 3669 2415 ÷

602 2426 751 2509 147)
795 2448 1012 2512 praep.
1061 2428 1413 2510 cambrica‚
1458 2450 1575 2514 per
1618 2452 1688 2495 se
1732 2452 1866 2495 non
1911 2441 2136 2495 extans
2182 2431 2438 2497 cornice
2481 2438 2592 2493 aut
2635 2428 3008 2509 aremorice,
3067 2426 3340 2493 alternat
3385 2446 3535 2489 cum
3667 2460 3669 2469 ,

593 2526 749 2609 YM,
796 2528 1173 2614 praesertim
1214 2529 1285 2592 in
1325 2528 1527 2596 forma
1568 2542 1759 2598 aucta
1798 2532 2150 2615 AMDAN,
2195 2532 2544 2599 YMDAN.

760 2629 1077 2717 Exempla
1131 2654 1167 2695 e
1209 2629 1386 2697 Mab.
1440 2631 1583 2716 (ubi
1638 2636 1970 2701 destitutio
2026 2635 2352 2721 sequentis
2407 2654 2731 2698 consonae
2786 2631 3046 2717 saepius
3097 2629 3532 2715 neglegitur).

594 2732 911 2818 achymryt
962 2734 1099 2797 twel
1151 2758 1192 2798 a
1232 2734 1431 2798 vliant
1478 2758 1661 2821 qun
1704 2737 1931 2802 aedodi
1980 2760 2084 2800 am
2121 2736 2364 2822 vyanl
2402 2737 2592 2799 owein
2637 2733 2734 2818 (et
2777 2756 3026 2799 sumere
3065 2755 3368 2819 mappam
3411 2731 3534 2797 lini

592 2834 720 2899 albi
774 2858 1041 2951 eamque
1084 2857 1325 2922 ponere
1368 2838 1609 2902 circum
1653 2838 1969 2904 cervicem
2015 2837 2127 2922 O.)
2187 2837 2660 2919 1,17.ractal
2712 2858 2821 2900 eur
2863 2856 2970 2899 am
3004 2856 3171 2920 penu
3221 2833 3534 2918 (frontale
3668 2838 3669 2841 ’

589 2960 847 3002 aureum
890 2939 1131 3003 circum
1173 2938 1395 3024 caput)
1444 2942 1503 3020 1,
1537 2940 1594 3003 3.
1656 2962 1760 3004 am
1799 2962 1843 3024 y
1885 2940 2082 3005 uarclz
2125 2940 2328 3024 (circa
2371 2962 2600 3025 equum
2643 2937 2865 3021 suum)
2885 2940 2944 3017 2,
2975 2937 3078 3001 63.
3129 2937 3294 3021 ydem
3333 2958 3532 3000 uren-

589 3040 695 3101 hin
736 3052 1131 3125 anessaysant
1176 3052 1327 3127 yyyt
1376 3042 1710 3126 amperued
1750 3064 1795 3126 y
1847 3053 1952 3126 ryt
2021 3040 2178 3123 (duo
2219 3064 2410 3127 reges
2465 3040 3052 3127 appropinquarunt
3105 3037 3294 3103 simul
3347 3038 3536 3103 circa
3668 3088 3669 3093 η

589 3139 861 3204 medium
904 3142 1167 3226 vadum)
1212 3142 1271 3225 3,
1320 3144 1417 3207 12.
1484 3164 1589 3206 am
1630 3142 1870 3206 hanner-
1913 3142 2140 3227 bwytta
2181 3143 2440 3228 amofyn
2483 3164 2672 3207 aorue
2725 3164 2770 3226 y
2807 3162 2942 3227 ρων
2995 3139 3200 3225 (circa
3239 3140 3534 3205 medium
3668 3152 3669 3155 ’

588 3241 839 3325 prandii
893 3265 1199 3328 quaerere
1254 3244 1471 3330 coepit
1512 3241 1641 3326 vir)
1704 3246 1757 3325 1,
1812 3246 1909 3308 12.
1990 3246 2158 3309 iawn
2205 3246 2512 3328 ymedreis
2563 3246 2595 3306 i
2637 3263 2746 3307 am
2799 3242 2954 3305 bema
3002 3264 3047 3327 y
3089 3262 3254 3306 cano
3313 3241 3532 3323 (recte
3668 3230 3669 3279 3

590 3344 893 3408 constitui
944 3367 1064 3429 ego
1108 3346 1281 3411 circa
1323 3356 1550 3433 caput,
1610 3346 1691 3410 de
1732 3345 1974 3430 capite,
2032 3345 2235 3429 cervi)
2280 3346 2339 3428 2,
2383 3346 2484 3410 28.
2579 3342 2909 3409 Interdum
2967 3342 3138 3407 idem
3195 3342 3536 3427 significat
3668 3414 3669 3421 χ

588 3443 757 3528 quod
788 3467 1002 3531 praep.
1045 3468 1129 3525 er,
1152 3470 1232 3531 φ·
1264 3447 1569 3535 (propter,
1605 3448 1780 3533 pr0):
1816 3447 2057 3533 pale-am
2099 3448 2208 3511 heb
2245 3469 2326 3532 :qr
2353 3446 2437 3511 hi.
2483 3464 2588 3509 am
2628 3456 2738 3509 nat
2765 3456 2890 3529 wyt
2927 3444 3289 3529 ynemyded
3330 3444 3531 3527 (cm-1²

586 3545 791 3629 inquit
835 3546 967 3611 illa.
1010 3547 1250 3613 idcireo
1294 3550 1465 3634 quod
1504 3574 1635 3615 non
1680 3572 1751 3616 es
1784 3570 1986 3635 aeque
2015 3549 2283 3628 nobilis;
2319 3547 2578 3633 pallam,
2623 3568 2686 3631 p.
2717 3546 2873 3630 399)
2917 3546 2975 3626 2,
3015 3547 3110 3610 10.
3165 3569 3210 3610 a
3235 3546 3532 3633 chymryt

586 3649 773 3710 trac-it
816 3649 1201 3713 awneutkum
1242 3672 1349 3713 am
1389 3651 1599 3737 hynny
1643 3650 1739 3735 (et
1778 3674 2011 3737 capere
2053 3649 2380 3716 tristitiam
2424 3648 2610 3733 coepi
2649 3660 2918 3735 propter
2957 3647 3113 3731 hoc)
3147 3651 3203 3727 1,
3235 3649 3296 3711 5.
3343 3650 3528 3733 pedh

587 3751 823 3832 aroydy
862 3772 1009 3835 ymy
1050 3773 1155 3816 am
1194 3753 1321 3837 hyn
1365 3751 1547 3837 (quid
1592 3752 1777 3818 dabis
1818 3761 1892 3817 tu
1930 3752 2084 3817 mihi
2128 3776 2240 3839 pro
2269 3751 2392 3817 hoc
2407 3751 2468 3835 Ρ)
2509 3750 2667 3835 Leg.
2694 3752 2753 3833 2,
2781 3753 2846 3832 4,
2873 3753 2932 3816 9.
2991 3750 3178 3837 kyuot
3217 3751 3269 3812 a·
3307 3750 3530 3834 σῶμα

580 3874 622 3934 ιι]
650 3853 972 3917 mentitur
1008 3855 1174 3919 iawn
1214 3855 1350 3940 ΨΜ·
1392 3878 1499 3919 am
1542 3856 1625 3939 dy
1667 3854 2160 3941 aykenlzemdawt
2201 3856 2283 3939 dy
2311 3854 2438 3917 hun
2477 3853 2699 3938 (surge
2725 3862 2798 3917 tu
2823 3851 2975 3918 inde
3003 3851 3083 3917 ad
3113 3849 3529 3917 satisfacien-

584 3953 729 4018 dum
782 3954 941 4019 mihi
992 3977 1105 4040 pro
1158 3966 1269 4021 tua
1308 3956 1517 4041 ipsius
1557 3954 1984 4042 impudentia)
2037 3954 2213 4022 Mab.
2245 3957 2304 4036 2,
2345 3957 2448 4021 65.
2547 3952 2711 4019 Item
2775 3974 2918 4019 cum
2959 3952 3306 4019 infinitivo·
3351 3959 3532 4019 torri

580 4078 624 4139 y
663 4056 877 4142 yallon
916 4105 935 4120 .
962 4078 1163 4121 ..am
1204 4057 1371 4120 welet
1416 4080 1461 4141 y
1502 4058 1715 4141 cledyf
1746 4058 1968 4141 ynllad
2018 4079 2061 4143 y
2101 4080 2235 4142 wyr
2285 4056 2524 4141 (frangi
2565 4076 2677 4121 cor
2719 4054 2884 4137 eius,
2947 4056 3029 4121 ob
3067 4054 3317 4135 videre,
3361 4056 3532 4139 quia

582 4156 841 4222 videbat
898 4156 1178 4241 gladium
1234 4157 1601 4223 caedentem
1656 4158 1863 4241 viros)
1918 4155 2092 4223 Mab.
2139 4158 2197 4238 3,
2239 4158 2341 4221 99.
2439 4156 2782 4221 Adduntur
2839 4154 3096 4241 saepius
3151 4164 3306 4240 post
3343 4156 3526 4223 hanc

581 4258 1115 4346 praepositionem
1168 4257 1275 4324 vel
1318 4260 1517 4325 subst.
1560 4282 1725 4343 penu
1770 4259 2064 4344 (caput):
2135 4280 2178 4342 y
2210 4258 2488 4343 pennyal
2527 4258 2684 4321 aoed
2723 4256 2938 4321 amben
2979 4256 3080 4319 Joei
3125 4258 3526 4337 (concursus

583 4360 687 4445 qui
736 4368 871 4425 erat
910 4360 1147 4427 circum
1190 4357 1447 4445 Caium)
1490 4359 1664 4427 Mab.
1713 4364 1765 4442 1,
1798 4361 1944 4425 258.
2007 4382 2134 4444 yny
2179 4359 2278 4422 del
2324 4380 2368 4443 y
2409 4357 2560 4421 iarll
2611 4378 2686 4422 ae
2725 4358 2852 4423 hou
2901 4356 3034 4422 allu
3076 4368 3332 4442 qaum
3373 4381 3526 4424 am—

574 4482 743 4543 pema
776 4483 821 4545 y
863 4460 941 4525 lle
967 4461 1150 4526 huma
1194 4459 1431 4544 (donec
1472 4463 1651 4527 venit
1692 4484 1907 4527 comes
1951 4462 2217 4545 eiusque
2259 4459 2469 4523 omnis
2513 4468 2801 4544 potestas
2847 4480 2988 4523 cum
3017 4479 3094 4523 eo
3137 4457 3314 4525 circa
3340 4460 3526 4527 hunc

582 4559 819 4645 locum)
878 4564 933 4639 1,
976 4562 1133 4642 2523
1196 4562 1302 4629 vel
1342 4584 1561 4649 praep.
1608 4575 1716 4628 tan
1760 4562 1976 4647 (sub):
2033 4564 2268 4645 ymdan
2305 4582 2350 4645 y
2389 4560 2610 4641 naroli,
2647 4560 2886 4645 ymdaa
2922 4581 2966 4644 y
3005 4560 3196 4623 varo-lc
3235 4559 3522 4643 (circum

580 4662 717 4726 eius
763 4662 1025 4747 equum)
1074 4666 1127 4745 1,
1162 4665 1304 4728 264.
1338 4664 1482 4728 279.
1514 4664 1657 4729 294.
1704 4666 1761 4745 2,
1806 4664 1958 4744 3883
2010 4666 2065 4745 1,
2109 4663 2251 4729 282.
2317 4662 2554 4747 ymdan
2597 4682 2672 4725 eu
2711 4660 2940 4727 meirck
2989 4660 3264 4746 (circum
3304 4684 3522 4748 equos

582 4763 834 4847 eorum)
879 4764 936 4845 2,
970 4764 1069 4830 38.
1122 4767 1307 4851 qwisc
1346 4766 1585 4848 ,ymdan
1625 4788 1669 4851 y
1708 4786 2004 4852 qwraync
2045 4765 2184 4829 hwn
2229 4764 2444 4848 (vesti,
2491 4784 2666 4827 arma
2705 4762 2878 4829 hunc
2905 4763 3520 4851 adulescentulum),

579 4889 620 4930 a
660 4865 825 4928 derw
866 4864 977 4929 heb
1018 4866 1096 4951 ef
1118 4868 1355 4951 ymdan
1393 4888 1436 4951 y
1460 4888 1759 4954 9-wraync
1784 4866 2024 4931 hwrmw
2066 4866 2278 4949 (estne
2306 4865 2585 4946 indutus,
2627 4864 2941 4950 inquitis,
2985 4865 3522 4935 adulescentulus

577 4966 687 5031 ille
704 4966 765 5050 Ρ)
811 4970 870 5049 3,
902 4969 1045 5033 205.
1079 4968 1222 5031 206.
1280 4969 1502 5055 αριυὼσ
1541 4970 1777 5054 ymdan
1814 4991 1859 5053 y
1885 4988 2022 5053 ρων*
2065 4990 2100 5031 ο
2123 4969 2262 5052 pali
2299 4968 2444 5031 coch.
2484 4966 2582 5051 (et
2623 4967 2828 5035 vest-is
2869 4968 3041 5034 circa.
3079 4968 3288 5035 virum
3333 4992 3370 5037 e
3401 4992 3520 5037 se·

574 5068 708 5132 rico
752 5068 971 5152 rubro)
1028 5070 1087 5149 2,
1120 5068 1263 5133 376.
1314 5116 1321 5128 .
1351 5068 1851 5135 Praemittuntur
1893 5069 2058 5134 aliae
2097 5068 2636 5155 praepositiones,
2693 5071 2928 5156 quibus
2967 5070 3160 5137 modo
3213 5071 3332 5137 vix
3369 5094 3520 5139 mn-

572 5179 743 5236 tatur
784 5170 1186 5257 significatiO,
1236 5172 1428 5238 modo
1472 5180 1681 5239 certus
1730 5171 1987 5258 quidam
2030 5193 2259 5239 sensus
2301 5171 2600 5239 efficiturz
2645 5172 2818 5237 diam
2837 5194 2886 5259 y
2911 5195 3050 5239 cam
3087 5170 3206 5256 (de
3245 5172 3518 5257 iniuria,
