3717 5642
590 406 711 471 722
778 409 913 470 (685·
941 408 1060 469 686)
1368 406 1477 469 IV.
1524 408 1581 472 3.
1647 424 2190 472 comm-tortosae
2231 425 2703 471 sarrmmom.

754 589 834 656 In
878 591 1022 656 aliis
1067 592 1376 677 exemplis
1418 592 1731 677 particula
1773 618 1833 673 a,
1879 616 1953 658 ac
1995 593 2398 658 adversativa
2439 592 2641 658 videri
2681 602 2894 678 potest
2935 599 3000 655 et
3043 590 3326 657 eiusdem
3367 586 3492 652 ori-

587 692 755 779 ginis
800 701 988 778 atque
1030 692 1161 757 hib.
1204 706 1303 757 acc
1344 692 1551 777 (sed),
1608 695 1982 779 praesertim
2027 716 2170 759 cum
2211 694 2531 759 interdum
2571 703 2826 759 maneat
2865 716 2940 755 ac
2991 702 3138 758 ante
3183 710 3492 757 consonas

587 794 920 860 destitutas
963 794 1032 858 in
1072 794 1275 859 Mau:
1323 796 1395 857 πί
1434 797 1865 878 aymdz‘danem
1909 822 1947 859 a
1993 797 2084 859 tla·
2121 819 2239 881 ony
2284 796 2380 859 bei
2417 797 2618 859 lesteir
2659 818 2737 859 ar
2779 798 2862 878 dy
2903 807 3076 880 weyt.
3131 816 3207 859 ao
3245 792 3494 856 weithon

581 899 657 961 ni
693 898 1130 981 aymdidanwn
1172 922 1211 959 a
1242 897 1334 961 mi
1374 896 1523 979 (nos
1568 898 1859 962 collocuti
1906 919 2188 963 essemus
2231 908 2458 980 tecum,
2505 898 2564 963 si
2605 920 2732 962 non
2777 896 3006 961 fuisset
3046 896 3494 981 impedimento

581 998 697 1063 tibi
742 998 982 1078 edenti3
1026 1022 1197 1063 nunc
1240 1010 1443 1062 autem
1489 998 1923 1083 colloquemur
1963 1000 2200 1082 tecum)
2251 1004 2302 1072 1,
2339 1002 2395 1063 5.
2453 1012 2562 1085 nyt
2605 1022 2638 1063 ο
2675 1000 3010 1085 qyuoetlzeu
3049 1021 3134 1081 yn
3169 997 3380 1078 owyaf
3407 994 3498 1077 yd

578 1098 917 1184 ymborthei
954 1100 1198 1178 drawa.
1244 1122 1473 1182 uamyn
1515 1121 1548 1161 0
1594 1100 1992 1163 twrmei‘meint
2014 1150 2028 1163 .
2056 1149 2069 1164 .
2097 1151 2111 1165 .
2143 1126 2217 1166 ac
2259 1103 2369 1164 nal
2406 1124 2449 1185 y
2478 1124 2613 1165 mae
2641 1100 2900 1183 mynyclz
2931 1150 2946 1162 .
2973 1150 2987 1162 .
3015 1149 3030 1161 .
3055 1100 3128 1182 ef
3158 1097 3294 1163 alae
3337 1096 3494 1179 (non

584 1199 663 1265 de
708 1201 1117 1285 gubernando
1161 1200 1435 1264 maxime
1480 1201 1721 1263 curavit
1763 1199 1859 1281 E„
1907 1212 2142 1267 tantum
2192 1204 2268 1267 de
2310 1200 2784 1279 torneamentis,
2831 1201 2945 1265 sed
2987 1210 3056 1264 ut
3097 1200 3170 1265 fit
3213 1220 3488 1282 saepe‚..

582 1303 835 1367 occisus
881 1302 1009 1387 est)
1070 1307 1124 1383 1,
1168 1303 1310 1367 235.
1383 1302 1647 1388 hysara-It
1696 1303 1876 1387 ywell
1924 1306 2305 1369 awneutlwm
2359 1306 2542 1367 idaw.
2601 1326 2672 1365 ac
2723 1326 2834 1367 rac
2877 1302 3058 1365 dohet
3115 1300 3374 1387 ywybod
3417 1300 3496 1380 ef.

579 1402 727 1488 kynt
770 1426 814 1487 y
864 1403 1283 1487 kyuarchawd
1334 1404 1405 1484 ‘ff
1434 1404 1570 1465 well
1606 1408 1755 1489 ymi.
1814 1428 1892 1468 no
1949 1409 2110 1469 mini
2157 1408 2322 1471 idaw
2381 1407 2452 1489 (γ’
2503 1406 2808 1490 (salutare
2863 1403 3086 1491 paravi
3141 1424 3320 1480 eum,
3386 1400 3500 1464 sed

579 1516 837 1590 propter
880 1504 1298 1569 urbanitatem
1346 1504 1519 1587 prius
1568 1506 1868 1571 salutavit
1908 1508 2050 1593 ipse
2093 1530 2220 1587 me,
2279 1529 2468 1592 quam
2513 1529 2630 1593 ego
2675 1506 2848 1591 eum)
2897 1509 2952 1587 l,
2983 1507 3044 1568 4.
3121 1527 3195 1567 ac
3238 1503 3311 1587 es
3343 1526 3498 1587 aya·

580 1604 885 1669 domham·
919 1608 1375 1689 yywennwynei
1421 1604 1671 1691 yda-fyr·
1725 1608 1962 1670 Jmennw
2009 1608 2268 1693 qenedyl
2313 1611 2728 1693 ycorannyeit.
2785 1630 2861 1672 ac
2912 1630 3000 1670 aa
3043 1604 3226 1671 [adei.
3271 1628 3348 1667 ac
3387 1615 3500 1665 nat

578 1706 889 1792 eidiqanei
929 1706 1041 1769 neb
1071 1708 1391 1791 oeyenedyl
1417 1707 1571 1769 elma
1616 1707 1713 1789 (et
1740 1707 2094 1773 affirmabat
2121 1708 2280 1794 ipse,
2327 1720 2776 1775 venenaturam
2819 1730 3046 1794 aquam
3087 1706 3265 1771 illam
3295 1725 3500 1788 genus

577 1830 1061 1894 pygmaeorum,
1120 1806 1233 1871 sed
1276 1829 1407 1871 non
1448 1808 1829 1890 perdituram
1875 1832 1996 1874 nec
2036 1809 2353 1875 laesuram
2397 1834 2779 1897 quemquam
2823 1832 2902 1875 ex
2945 1808 3084 1873 eius
3133 1807 3342 1892 ipsius
3386 1826 3500 1888 ge-

582 1911 766 1994 nere)
812 1910 869 1990 3,
902 1909 1043 1973 301.
1136 1904 1561 1973 Veruntamen
1607 1910 1673 1973 in
1716 1910 1816 1975 his
1860 1911 2020 1976 nihil
2063 1911 2276 1977 inesse
2319 1913 2448 1995 nisi
2491 1914 2845 1999 simplicem
2876 1921 3254 1975 structuram
3299 1928 3500 1991 copu-

576 2011 855 2091 lativam,
902 2009 1051 2073 inde
1095 2019 1377 2095 apparet,
1425 2010 1591 2094 quod
1637 2024 1737 2075 est
1780 2013 1968 2076 etiam
2015 2012 2350 2098 aspiratio,
2393 2038 2524 2081 non
2570 2014 2894 2081 destitutio
2937 2012 3252 2089 tenuium,
3304 2020 3502 2095 atque

572 2112 888 2178 interdum
942 2110 1124 2175 aliter
1176 2134 1365 2177 versa
1416 2112 1825 2197 significatio:
1887 2116 2052 2179 droco
2101 2138 2204 2200 yw
2261 2117 2344 2199 dy
2399 2140 2628 2201 anyan.
2673 2118 2938 2199 achanys
2972 2162 2984 2175 .
3013 2162 3026 2177 .
3057 2162 3072 2177 .
3117 2111 3354 2196 (malus
3401 2120 3505 2174 est

576 2237 780 2282 sermo
824 2223 990 2295 tuus,
1038 2213 1153 2279 sed
1198 2214 1347 2298 quia
1389 2213 1540 2297 etc.)
1583 2212 1757 2279 Mab.
1809 2218 1861 2295 1,
1905 2218 1996 2279 19.
2067 2218 2117 2279 ci
2157 2218 2355 2302 aqeffy
2401 2220 2583 2281 nawd
2621 2218 2730 2281 Jaeb
2768 2241 2812 2303 y
2852 2218 3103 2304 qen-eim.
3168 2236 3246 2277 ac
3285 2235 3375 2297 ny
3421 2212 3505 2275 bu

572 2319 657 2381 da
701 2317 783 2400 dy
824 2315 1035 2399 wybot.
1081 2337 1155 2379 ao
1197 2304 1280 2398 ny
1324 2314 1493 2377 [most
1530 2317 1840 2400 qyuartal.
1883 2341 2011 2402 φατι
2056 2320 2138 2402 dy
2181 2330 2284 2381 not
2321 2342 2409 2402 yn
2447 2319 2847 2404 yedymdeith.
2895 2341 2972 2383 ao
2998 2328 3108 2381 nat
3149 2314 3318 2398 elycb
3359 2334 3502 2399 yn»-

572 2417 799 2503 laer-byn
838 2438 918 2500 φ·
946 2416 1217 2485 eilweitlz.
1262 2440 1338 2480 ac
1380 2438 1413 2479 o
1443 2418 1671 2501 clzlyaecy
1714 2430 1859 2481 omct
1903 2422 2104 2502 arnas
2133 2443 2176 2506 y
2207 2420 2485 2487 avlmbeit
2528 2422 2748 2485 ohonat
2792 2421 2894 2504 (tu
2923 2416 3191 2485 habebis
3220 2416 3503 2497 veniam,

568 2520 779 2604 inquit
820 2516 932 2599 G.,
988 2540 1361 2605 quamquam
1404 2543 1531 2583 non
1575 2519 1694 2583 fuit
1739 2519 1904 2583 bona
1946 2521 2270 2586 urbanitas
2313 2532 2426 2587 tua
2464 2546 2585 2588 nec
2625 2523 2802 2589 fuisti
2847 2522 3076 2601 comis,
3141 2519 3196 2585 si
3245 2519 3376 2584 eris
3433 2520 3502 2582 in

570 2620 871 2687 comitatu
910 2642 1033 2684 nec
1074 2618 1199 2685 ibis
1244 2628 1464 2686 contra
1503 2644 1607 2685 me
1649 2620 1892 2701 iterum,
1941 2622 2076 2699 sed,
2121 2623 2177 2687 si
2223 2624 2499 2688 audieris
2545 2626 2898 2709 periculum
2941 2624 3020 2687 de
3063 2643 3182 2701 me,
3229 2619 3504 2685 adiuva·-

569 2724 687 2788 bor
728 2745 767 2786 a
808 2724 901 2805 te)
959 2724 1015 2801 2,
1063 2724 1160 2787 51.
1210 2722 1312 2785 52.
1376 2724 1468 2784 mi
1507 2723 1745 2806 arodaf
1786 2746 1830 2807 y
1875 2723 2266 2787 carcha-raun-
2317 2728 2421 2788 itt-c
2461 2746 2536 2787 ac
2576 2747 2658 2809 ny
2702 2726 3137 2810 datparyeewn
3185 2744 3230 2805 y
3269 2722 3420 2785 rodi
3455 2744 3503 2805 y

566 2821 680 2887 neb
733 2821 883 2906 (ego
928 2822 1089 2886 dabo
1134 2821 1457 2907 captivum
1494 2823 1639 2904 tibi,
1699 2845 2073 2909 quamquam
2115 2846 2247 2889 non
2289 2826 2714 2911 cogitaveram
2767 2848 2908 2890 eum
2954 2823 3120 2888 dare
3163 2823 3502 2909 cuiquam)

572 2926 631 3006 2,
664 2924 808 2987 ⁸231.

737 3021 1061 3088 Particula
1123 3024 1343 3088 eadem
1398 3026 1650 3109 copulat
1704 3024 1803 3089 bis
1858 3024 1962 3089 vel
2020 3027 2278 3112 saepius
2322 3026 2561 3112 posita,
2623 3025 3042 3091 discernenda
3093 3048 3134 3089 a
3177 3022 3502 3109 particula

574 3125 963 3192 disiunctiva
1003 3148 1092 3205 ae,
1139 3126 1319 3190 cuius
1364 3125 1654 3210 exempla
1696 3124 1861 3189 infra
1905 3126 2316 3211 proferentur.

735 3223 1119 3307 AC—-AC,
1174 3227 1417 3291 A-A
1462 3226 1557 3309 (et
1578 3264 1642 3271 —-
1670 3236 1752 3305 et,
1796 3237 1925 3291 tam
1951 3264 2035 3275 —
2057 3228 2307 3313 quam):
2367 3230 2827 3315 yywaswnaetk
2863 3252 3049 3314 yoreu
3093 3227 3368 3312 aallww‘i
3407 3230 3506 3289 mi

568 3350 640 3393 ae
676 3327 899 3413 qwnaf
929 3350 1003 3390 ac
1045 3328 1211 3391 idaw
1256 3352 1329 3392 ac
1367 3352 1411 3413 y
1450 3329 1645 3391 uara-lo
1690 3328 2136 3411 (ministerium
2183 3330 2485 3415 optimum
2533 3329 2702 3415 quod
2745 3338 2964 3416 potero
2991 3330 3222 3395 faciam
3267 3338 3336 3393 et
3363 3328 3496 3414 ipsi

568 3439 633 3493 et
673 3429 810 3493 eius
842 3428 1037 3512 equo)
1080 3427 1253 3497 Mab.
1286 3430 1343 3509 2,
1384 3432 1476 3495 13.
1532 3430 1892 3514 dyywydaw
1937 3432 2376 3519 awnaetlzpwyt
2414 3456 2542 3518 yna
2585 3452 2798 3516 a9=wyr
2839 3432 3050 3495 achwn
3093 3452 3312 3493 amato
3359 3428 3500 3512 (in-

566 3551 817 3596 currere
860 3528 1021 3593 iussi
1061 3538 1215 3595 tunc
1256 3543 1381 3595 tam
1424 3531 1546 3594 viri
1590 3554 1774 3615 quam
1820 3554 2014 3597 canes
2071 3532 2140 3597 in
2185 3556 2355 3614 eum,
2403 3531 2652 3618 aprum)
2707 3538 2765 3613 2,
2803 3534 2944 3596 244.
3043 3530 3204 3599 Cum
3252 3552 3496 3615 prono-

566 3630 736 3695 mine
782 3632 1155 3715 possessivo
1200 3634 1260 3697 3.
1294 3656 1456 3718 pers.
1488 3654 1771 3695 ae—ae:
1818 3656 1958 3695 'na-w
1995 3634 2241 3718 qwidon
2283 3637 2436 3697 eneit
2473 3635 2662 3717 yssyd
2697 3656 2845 3717 yma
2889 3656 2922 3697 o
2948 3634 3218 3697 widouot
3243 3632 3496 3718 hadr]-

566 3732 737 3815 loy‘w.
784 3752 856 3793 ae
898 3742 990 3795 tat
1034 3754 1107 3796 ae
1148 3756 1313 3795 mam
1351 3744 1457 3818 yyt
1500 3756 1573 3796 ac
1599 3745 1761 3817 wynt
1804 3734 2064 3819 (novem
2096 3735 2345 3819 striges,
2392 3734 2740 3817 carissime,
2787 3743 2935 3799 sunt
2963 3735 3067 3797 hic
3111 3756 3148 3799 e
3179 3733 3493 3819 strigibus

568 3830 1052 3913 Calevensibus,
1099 3856 1437 3918 earumque
1481 3842 1543 3896 et
1587 3843 1765 3917 pater
1810 3845 1876 3897 et
1917 3843 2116 3899 mater
2163 3856 2285 3901 una
2328 3857 2469 3899 cum
2511 3834 2638 3918 eis)
2689 3837 2740 3915 1,
2777 3836 2918 3899 256.
3010 3832 3140 3898 Per
3179 3832 3488 3919 pleonas-

564 3955 733 3996 mum
777 3955 951 3995 ae—
975 3956 1049 3995 ac
1091 3958 1189 3998 ae:
1248 3956 1488 4018 ayouyn
1532 3954 1723 3997 aorem·
1764 3935 1860 3996 ide·
1902 3955 1974 3997 ae
2015 3934 2149 3997 hila·
2187 3937 2298 3999 oed
2323 3984 2336 3999 .
2370 3986 2383 3999 .
2413 3983 2426 3998 .
2453 3957 2540 4019 yn
2583 3936 2734 3999 dodi
2767 3937 3037 4021 ydanaw
3075 3935 3370 4018 ymadaw
3413 3957 3494 3999 ae

564 4034 745 4117 Iwyth.
804 4056 876 4095 ac
932 4054 1003 4096 ae
1044 4036 1223 4097 niver
1273 4035 1369 4118 (et
1411 4056 1712 4119 quaerere
1758 4056 1836 4098 ex
1881 4056 1987 4114 ea,
2045 4058 2197 4101 num
2248 4037 2396 4121 ipsa
2451 4058 2596 4101 eum
2651 4035 2953 4101 iussisset
3002 4036 3300 4101 deserere
3355 4046 3490 4101 tam

565 4133 861 4219 populum
909 4156 1093 4199 suum
1137 4157 1328 4221 quam
1373 4135 1747 4213 exercitum)
1795 4138 1851 4216 2,
1877 4138 1979 4200 34.

734 4233 1076 4301 Cornica
1120 4245 1185 4300 et
1226 4237 1650 4301 aremorica
1692 4236 2053 4301 coniunctio
2099 4236 2461 4322 copulativa
2507 4238 2728 4303 eodem
2769 4238 2902 4303 fere
2945 4237 3130 4302 modo
3173 4244 3488 4303 tractatur

567 4360 690 4423 quo
738 4337 1069 4419 cambrica‚
1114 4338 1237 4402 nisi
1286 4336 1453 4421 quod
1497 4338 1767 4401 intactae
1810 4349 2072 4403 manent
2111 4327 2336 4403 tenues
2382 4350 2741 4423 sequentes.

730 4436 923 4503 Corn.
968 4438 1191 4519 HAG,
1248 4438 1411 4503 HA:
1475 4440 1557 4501 Ιια
1602 4454 1751 4522 3030
1803 4462 1846 4521 y
1891 4441 2232 4522 tysquetlzas
2286 4460 2412 4501 ‹ru-r
2461 4440 2582 4525 hay
2627 4444 2894 4527 arqlmm
2931 4440 3110 4526 yet-ele
3161 4439 3246 4501 ka
3283 4442 3484 4522 qweth

560 4540 643 4605 ha
684 4539 956 4623 hyn-zmys
998 4562 1078 4623 yn
1126 4540 1230 4623 bys
1277 4562 1336 4601 rs
1383 4564 1485 4603 cas
1528 4541 1623 4624 (et
1665 4542 1723 4604 ci
1769 4540 2143 4604 monstravit
2186 4562 2402 4605 aurum
2449 4550 2513 4604 et
2553 4550 2914 4626 argentum,
2969 4560 3226 4624 gramen
3270 4549 3337 4602 et
3379 4562 3482 4605 ar·

560 4642 745 4706 bores
802 4650 867 4704 et
908 4640 1213 4726 quidquid
1272 4640 1335 4703 in
1382 4642 1614 4705 mundo
1663 4652 1761 4707 est
1804 4641 2066 4723 bonum)
2110 4639 2184 4705 P.
2241 4642 2330 4721 16,
2375 4643 2432 4707 2.
2477 4642 2535 4706 3.
2601 4643 2786 4706 eeuell
2823 4642 2908 4705 ha
2947 4640 3110 4704 cotke
3163 4638 3370 4721 (stare
3415 4652 3486 4703 et

556 4890 723 4961 dyc-ku
746 4892 956 4945 olaeonaw
978 4909 1078 4961 yno
1101 4908 1213 4945 mor
1232 4892 1564 4963 lwyslyannus
1590 4897 1661 4959 (et
1684 4890 1883 4961 regnari
1917 4892 1982 4944 ab
2000 4906 2059 4944 eo
2094 4893 2164 4945 ibi
2191 4896 2296 4947 tam
2321 4896 2584 4962 prospere)
2605 4897 2652 4956 3,
2669 4898 2747 4947 16.
2785 4892 3046 4963 achymsyt
3068 4888 3290 4961 kewilyd
3310 4908 3482 4947 corne

554 4976 669 5014 mor
701 4961 832 5030 lmyr
867 4962 961 5015 oed
998 4978 1035 5032 y
1070 4962 1195 5014 delw
1244 4970 1373 5015 aoeei
1406 4980 1585 5016 arnaw
1631 4968 1707 5028 (et
1742 4977 1924 5030 capere
1971 4961 2218 5029 pudorem
2256 4964 2446 5031 coepit,
2494 4978 2648 5032 quam
2695 4963 2864 5032 turpis
2897 4966 3034 5016 esset
3066 4964 3294 5031 species,
3343 4979 3479 5032 quae

556 5035 669 5083 erat
701 5030 753 5082 in
789 5032 921 5098 ipso)
974 5040 1015 5094 1,
1054 5037 1135 5083 28.
1194 5048 1260 5083 ac
1294 5047 1399 5083 eres
1437 5048 1519 5101 yw
1550 5031 1743 5101 ¹‹Jennw‘
1770 5045 1884 5082 mor
1917 5029 2170 5099 deissyuyt
2213 5032 2384 5100 ydwyt
2421 5048 2492 5101 yn
2525 5038 2688 5101 mynet
2733 5034 2806 5095 (et
2838 5032 3017 5095 miror,
3059 5046 3218 5101 quam
3261 5036 3480 5101 repente

556 5098 915 5169 proficiscaris)
952 5106 1001 5163 2,
1024 5104 1105 5153 36.
1177 5102 1351 5169 Atque
1385 5101 1755 5155 interiectionis
1789 5100 1922 5151 loco:
1961 5114 2073 5151 mor
2105 5106 2192 5151 eru
2225 5102 2310 5169 (gl.
2346 5101 2494 5164 eheu,
2531 5102 2562 5155 i.
2591 5116 2634 5155 e.
2665 5116 2820 5170 quam
2842 5102 3154 5167 miserumo,
3185 5112 3306 5154 mor
3341 5101 3477 5155 abac

554 5168 643 5236 (gl.
678 5184 834 5237 quam
868 5170 1077 5234 multos)
1114 5170 1207 5225 Ox.
1234 5174 1336 5221 39⁸.
1384 5185 1499 5222 mor
1528 5178 1567 5222 ει
1580 5187 1689 5223 mm
1722 5174 1896 5236 (quam
1933 5168 2174 5221 miserum
2187 5172 2222 5233 1)
2257 5169 2360 5222 GN.
2399 5185 2554 5223 carm.
2589 5176 2635 5223 1.
