3717 5642
1179 1849 1978 1961 PROOEMlUM
2054 1849 2705 1965 Enl'rOfflS.

1743 2160 2056 2169 -ι--α-ω----...
2077 2161 2145 2168 ..—

653 2336 845 2420 Quod
885 2337 1098 2402 multis
1143 2359 1334 2423 saepe
1379 2335 1640 2416 accidit,
1689 2347 1760 2401 ut
1799 2338 1973 2424 quod
2014 2338 2411 2424 cupivissent
2462 2348 2651 2404 antea
2690 2349 2881 2426 atque
2924 2349 3284 2426 optassent,
3342 2337 3413 2403 id

487 2446 695 2531 ipsum
741 2447 796 2512 si
843 2447 1094 2532 quando
1137 2447 1506 2528 eveniebat,
1563 2457 2053 2533 aspernarentur
2092 2449 2307 2535 potius
2352 2459 2463 2514 aut
2499 2449 3007 2531 reformidarent,
3064 2449 3235 2514 idem
3275 2448 3411 2514 fere

481 2557 610 2642 ipsi
651 2557 838 2623 nobis
881 2557 1194 2624 accidisse
1237 2557 1581 2639 sensimus,
1637 2579 1778 2623 cum
1819 2557 2022 2645 primo
2068 2581 2217 2625 vere
2260 2560 2409 2624 anni
2456 2559 2617 2624 1866
2678 2583 2717 2624 a
2759 2559 2945 2626 nobis
2988 2558 3219 2645 petivit
3262 2558 3411 2623 red-

485 2675 728 2754 emptor
776 2667 1296 2749 honestissimus,
1357 2679 1427 2734 ut
1485 2691 1608 2754 quo
1673 2691 1931 2734 munere
1983 2668 2052 2734 in
2108 2669 2387 2734 curanda
2440 2669 2641 2734 altera
2693 2669 2971 2735 editione
3022 2667 3211 2734 huius
3264 2668 3417 2734 libri

487 2786 705 2843 auctor
760 2778 902 2865 ipse
941 2777 1122 2864 fungi
1163 2777 1454 2844 voluerat
1496 2775 1931 2844 Christianum
1975 2776 2358 2844 Guilelmum
2412 2777 2563 2846 Glu
2578 2779 2747 2861 eck,
2812 2778 3011 2844 virum
3056 2779 3240 2844 unice
3284 2779 3411 2844 sibi

484 2887 886 2953 coniunctum
941 2897 1008 2954 et
1048 2888 1284 2975 pietate
1330 2887 1624 2976 discipuli
1673 2897 1736 2953 et
1775 2887 2217 2954 familiaritatis
2262 2911 2401 2969 usu,
2442 2889 2509 2955 id
2552 2911 2783 2955 munus
2838 2909 2980 2954 cum
3019 2887 3407 2954 valetudinis

485 2997 895 3063 excusatione
937 3020 1092 3064 usus
1137 2999 1556 3064 detrectasset
1595 2997 1735 3079 ille,
1791 3021 1911 3062 nos
1952 2997 2139 3064 nobis
2184 2998 2432 3086 iniungi
2474 3009 2847 3086 pateremur.
2943 2997 3203 3063 Etenim
3260 3020 3407 3062 cum

484 3107 553 3171 in
594 3105 1023 3174 Grammatica
1062 3106 1346 3190 Celtica,
1399 3125 1526 3195 qua
1568 3105 1767 3172 adiuti
1808 3107 2077 3194 primum
2120 3129 2239 3174 nos
2283 3109 2705 3176 imbueramus
2760 3108 2863 3176 his
2908 3107 3165 3188 studiis,
3224 3117 3407 3194 post-

487 3238 674 3302 quam
730 3217 812 3282 ad
864 3218 1000 3283 veri
1052 3217 1522 3304 indagationem
1580 3217 1708 3302 ipsi
1765 3217 2091 3304 progressi
2132 3217 2200 3281 in
2252 3219 2451 3286 verba
2498 3219 2785 3304 magistri
2826 3219 3035 3283 iurare
3077 3216 3407 3300 desiimus,

488 3326 728 3413 aliquot
771 3349 1016 3393 errores
1059 3326 1223 3392 varii
1264 3327 1520 3413 generis
1565 3325 2225 3412 deprehendissemus,
2271 3327 2363 3393 ita
2402 3339 2644 3411 tamen,
2690 3337 2761 3394 ut
2801 3349 2925 3414 quo
2968 3327 3155 3414 plura
3194 3329 3409 3394 minus

483 3444 658 3499 recte
701 3436 934 3502 tradita
972 3436 1445 3523 reperiebamus
1467 3487 1484 3518 ,
1545 3459 1622 3502 eo
1663 3437 1873 3524 magis
1926 3435 2219 3504 admirari
2264 3436 2651 3504 disceremus
2704 3437 3115 3523 sagacitatem
3162 3439 3287 3504 viri
3328 3461 3409 3504 ac

489 3545 831 3611 sollertiam
845 3597 862 3626 ,
935 3545 1249 3611 interdum
1315 3547 1526 3612 facere
1587 3567 1721 3611 11011
1783 3546 2103 3632 potuimus
2116 3597 2133 3628 ,
2212 3547 2366 3634 quin
2430 3547 2929 3614 desideraremus
3000 3549 3411 3615 occasionem

486 3653 1006 3740 detergendarum
1064 3655 1304 3723 levium
1343 3656 1590 3722 illarum
1633 3655 2015 3721 macularum
2030 3704 2051 3738 ,
2110 3657 2341 3743 quibus
2384 3658 2781 3745 inquinatum
2820 3655 3196 3724 videbamus
3238 3657 3411 3724 nito-

481 3785 614 3828 rem
659 3764 871 3850 operis
925 3763 1312 3831 immortalis.
1408 3765 1667 3831 Interea
1718 3764 1936 3831 decem
1988 3764 2123 3832 fere
2173 3789 2483 3832 annorum
2536 3764 2929 3853 experientia
2980 3764 3189 3832 edocti
3244 3767 3409 3833 satis

483 3872 995 3940 intellexeramus
1011 3921 1030 3956 ,
1077 3875 1438 3962 quicunque
1481 3874 1698 3940 alteris
1742 3873 1914 3940 curis
1956 3875 2115 3940 illud
2154 3885 2499 3942 retractare
2542 3881 2905 3956 conaretur,
2948 3895 3109 3956 eum,
3156 3873 3411 3941 etiamsi

484 4005 614 4047 11011
653 3983 987 4066 laboraret,
1032 3993 1104 4049 ut
1128 3985 1487 4050 laboramus
1527 4007 1668 4068 1108,
1714 3995 1840 4049 tam
1886 3985 1999 4049 otii
2042 3985 2353 4071 angustiis
2399 4007 2585 4071 quam
2613 3983 2885 4072 penuria
2906 3983 3227 4065 librorum,
3270 4006 3410 4050 rem

495 4102 708 4157 tamen
749 4115 1194 4179 aggressurum
1239 4092 1688 4176 difficillimam,
1733 4095 1802 4158 111
1845 4117 1974 4181 qua
2012 4103 2085 4158 ut
2124 4103 2348 4181 posset
2388 4095 2696 4182 quidquid
2737 4093 2949 4176 vellet,
2993 4103 3063 4159 at
3100 4093 3213 4160 vix
3250 4093 3411 4160 lice-

483 4209 582 4266 ret
635 4202 802 4269 velle
844 4203 1154 4289 quidquid
1207 4213 1447 4291 posset.
1544 4201 1760 4286 Quare
1816 4203 2127 4289 ingratum
2182 4225 2338 4270 sane
2381 4205 2705 4291 negotium
2762 4205 2861 4288 (111
2904 4225 3029 4290 quo
3074 4204 3412 4271 subeundo

490 4331 732 4396 anceps
777 4321 914 4377 erat
953 4313 1325 4398 periculum,
1367 4337 1451 4378 ne
1495 4324 1604 4379 aut
1643 4314 2039 4380 obstaremus
2084 4313 2146 4378 ei
2188 4313 2358 4399 quod
2397 4314 2602 4380 voluit
2640 4322 2879 4395 auctor,
2924 4324 3037 4379 aut
3066 4312 3413 4380 eruditioni

487 4439 564 4484 ac
596 4421 924 4487 doctrinae
965 4423 1093 4508 ipsi
1137 4423 1522 4505 deessemus,
1567 4424 1832 4489 mirifice
1874 4431 1969 4488 tot
1996 4445 2302 4488 annorum
2346 4422 2552 4509 spatio
2596 4431 2819 4489 auctae
2864 4432 2929 4488 et
2954 4423 3414 4510 amplificatae)

482 4551 614 4594 11011
659 4532 1184 4618 suscepissemus,
1227 4533 1356 4599 nisi
1382 4541 1822 4615 metueremus,
1867 4555 1951 4598 118
1992 4531 2153 4598 forte
2180 4533 2649 4598 meritissimam
2691 4555 2967 4620 operam,
3014 4533 3071 4598 si
3098 4554 3219 4598 nos
3248 4553 3415 4618 quo-

485 4661 608 4726 que
653 4627 1114 4724 abnuissemus,
1159 4664 1344 4708 nemo
1387 4653 1654 4708 navaret
1695 4643 1893 4730 operi.
1979 4641 2060 4708 In
2101 4665 2227 4728 quo
2273 4643 2664 4710 emendando
2722 4664 2907 4728 quam
2948 4642 3259 4708 rationem
3304 4665 3415 4709 se·-

484 4749 612 4814 cuti
657 4751 874 4834 simus,
921 4752 1143 4838 paucis
1189 4775 1599 4840 exponemus,
1645 4777 1788 4819 cum
1831 4761 1981 4818 ante
2023 4751 2386 4834 dixerimus,
2432 4753 2665 4840 quibus
2708 4754 2809 4819 usi
2856 4753 3053 4819 simus
3097 4753 3378 4820 auxiliis.

654 4860 870 4947 Atque
914 4860 1080 4926 inter
1123 4861 1484 4928 adiumenta
1527 4887 1758 4950 operae
1802 4872 2059 4928 nostrae
2100 4863 2303 4948 primo
2346 4863 2487 4929 loco
2528 4864 2912 4930 nominanda
2940 4872 3041 4930 est
3082 4885 3163 4928 ea
3188 4886 3409 4951 opera,

483 4993 672 5057 quam
715 4969 784 5034 in
829 4993 1022 5056 opere
1067 4994 1183 5037 suo
1225 4971 1370 5058 ipse
1415 4981 1632 5038 auctor
1677 4973 2099 5040 collocaverat
2140 4973 2330 5039 edito.
2415 4972 2493 5039 In
2537 4973 2771 5038 editum
2820 4973 2991 5039 enim
3031 4996 3161 5040 11011
3202 4974 3413 5041 1111110-

482 5103 616 5144 rem
671 5081 750 5146 ab
793 5080 903 5145 illo
947 5103 1136 5166 quam
1191 5081 1256 5146 in
1303 5081 1617 5148 edendum
1671 5105 1814 5149 esse
1874 5083 2167 5149 collatam
2220 5103 2476 5170 operam
2533 5104 2608 5148 ac
2652 5082 3045 5168 diligentiam
3100 5083 3413 5170 probatur

481 5189 694 5255 multis
750 5199 814 5256 et
861 5190 1088 5272 variis,
1151 5213 1314 5277 quae
1369 5215 1484 5278 per
1527 5192 1780 5259 triennii
1826 5191 2133 5280 spatium,
2189 5214 2315 5279 quo
2368 5193 2505 5258 8010
2560 5215 2701 5260 811111
2744 5192 3147 5280 superstitem
3201 5191 3411 5261 fuisse
