3717 5642
1083 417 1210 488 ΠΙ.
1253 419 1314 486 2.
1387 437 1610 488 vnum
1651 437 1832 487 sm.
1873 435 2223 487 Anonmn.
2651 411 2789 479 (5⁶⁰-
2815 415 2935 480 567)
2996 415 3122 484 605

209 608 271 676 Ρ.
315 609 410 691 77,
439 612 502 675 4.
584 607 728 673 clew
773 605 984 693 (audi)
1037 606 1116 673 R.
1158 607 1301 673 774.
1363 630 1452 695 yn
1503 609 1714 694 olewys
1769 606 2019 695 (audivi
2064 606 2242 691 eum)
2303 602 2389 670 D.
2436 603 2618 670 1314.
2662 604 2845 668 1724.
2916 601 3030 668 neb
3081 625 3123 669 a

203 711 432 796 ylewsys
475 707 700 796 (quem
747 707 1010 793 audisti)
1056 707 1137 775 O.
1167 709 1313 774 224.
1381 712 1456 794 es
1487 733 1528 776 a
1555 709 1768 776 clewaa
1809 731 1884 774 en
1927 709 2131 794 colyek
2153 758 2167 774 .
2198 759 2211 774 .
2236 757 2253 773 .
2274 730 2364 774 ow
2393 728 2543 772 cane
2584 705 2862 791 (audivit
2888 706 3121 792 gallum

211 812 558 898 canentem)
603 811 677 877 P.
721 813 824 894 86,
860 814 915 876 1.
985 833 1118 896 pan
1160 811 1468 898 cleveeuqh,
1501 811 1856 898 ⁴(quoniam
1899 810 2266 895 audivistis)
2308 807 2392 875 D.
2443 809 2625 875 1338.
2710 807 2840 872 dew
2893 832 2934 872 a
2978 809 3123 874 thule

206 915 460 1001 ‹Iustam-y
498 935 588 1000 yn
631 913 910 978 eleemona
951 933 1041 976 ow
1087 911 1332 978 lenerell
1385 913 1541 997 (duo
1586 913 1901 980 dederunt
1954 905 2385 978 testimonium
2407 962 2424 993 ‚
2486 931 2557 976 se
2600 908 2925 976 audivisse
2980 932 3119 975 eum

205 1015 585 1104 loquentem)
641 1013 716 1080 P.
760 1017 862 1098 91,
913 1016 967 1079 1.
1033 1013 1218 1078 lauar
1261 1017 1412 1080 crist
1447 1037 1579 1101 pan
1619 1037 1693 1080 vo
1734 1016 1945 1103 cletoys
1997 1015 2239 1101 (sermo
2284 1011 2527 1081 Christi
2578 1035 2719 1080 cum
2766 1011 3119 1096 audiretur)

206 1121 326 1202 109,
354 1122 418 1185 4.
477 1117 592 1183 neb
634 1140 678 1181 a
719 1137 918 1202 vymw
957 1137 1002 1200 y
1038 1115 1262 1203 qlewao
1305 1115 1700 1206 (quicunque
1743 1117 1883 1184 vult
1918 1115 1989 1182 id
2018 1114 2256 1198 audire,
2302 1116 2564 1181 verbum
2595 1115 2751 1201 dei),
2796 1137 2940 1180 mar
2965 1117 3123 1181 callo

204 1223 396 1286 clavas
451 1218 541 1304 (si
587 1226 811 1307 posset
868 1215 1116 1300 audite)
1179 1217 1275 1302 12,
1316 1219 1377 1284 4.
1439 1221 1576 1302 109,
1609 1221 1668 1285 3.
1745 1241 1836 1284 ow
1888 1217 2071 1282 eleves
2128 1217 2457 1303 (audiens)
2512 1215 2597 1282 D.
2646 1217 2825 1284 1028.
2904 1218 3121 1282 οῖεωαε

203 1321 468 1408 (audire)
511 1321 597 1390 D.
631 1321 775 1387 554.
821 1317 900 1384 R.
933 1318 1120 1384 2128.
1157 1317 1342 1384 2244.
1441 1321 1764 1386 Differunt
1805 1321 1887 1386 ab
1932 1319 2054 1386 hoc
2093 1320 2291 1386 verbo
2338 1329 2403 1386 et
2442 1319 2643 1385 forma
2687 1331 2751 1385 et
2796 1321 3120 1408 significa-

208 1426 392 1490 tione:
437 1423 584 1504 σοῖο,
627 1421 762 1487 cola
804 1419 1227 1505 (auscultare)
1272 1419 1353 1487 O.
1393 1423 1535 1488 222.
1569 1423 1715 1488 323.
1745 1423 1899 1504 626;
1944 1423 2088 1488 293.
2119 1423 2265 1486 419.
2330 1444 2473 1487 mar
2513 1445 2554 1486 a
2596 1422 2793 1508 colyth
2835 1422 2924 1504 (si
2970 1445 3116 1488 aus-

207 1526 426 1612 cultas)
468 1523 548 1590 R..
583 1523 778 1604 13883
823 1522 1043 1609 imper.
1075 1521 1252 1605 code,
1296 1524 1456 1589 kooll
1495 1523 1604 1592 Cr.
1635 1525 1783 1590 595:
1811 1525 1957 1590 650.
2016 1523 2181 1589 aban
2218 1523 2405 1608 yolete
2443 1537 2637 1610 worty
2665 1524 2745 1609 hy
2789 1524 3118 1610 (quoniam

205 1651 400 1695 aurem
442 1625 800 1715 praebuisti
841 1624 971 1711 illi)
1031 1623 1109 1691 Ο.
1152 1625 1314 1707 269;
1359 1634 1424 1692 et
1470 1627 1766 1713 ροεῖαιω,
1817 1624 2039 1712 qoslow
2092 1625 2441 1711 (ausculta)
2490 1626 2573 1692 D.
2605 1627 2750 1692 496.
2810 1626 2889 1695 Ο.
2938 1631 3115 1695 1365.

199 1729 564 1816 yoeloweuqh
606 1727 1020 1813 (auscultate)
1061 1726 1146 1793 D.
1180 1727 1368 1793 3217.
1419 1753 1504 1794 na
1547 1729 1846 1814 wosletoye
1888 1726 2003 1813 (ne
2046 1727 2390 1812 auscultet)
2430 1725 2513 1794 D.
2547 1729 2690 1810 454,
2734 1728 2840 1794 vel
2875 1731 3116 1816 qoam,

199 1829 556 1917 yolsowowh,
593 1829 933 1918 yoleowoqh
977 1827 1083 1898 Cr.
1115 1829 1258 1896 636.
1297 1831 1436 1896 115.
1474 1829 1656 1896 1432.
1711 1830 2037 1918 yoleowens
2078 1850 2169 1893 ow
2197 1830 2475 1894 lauarow
2517 1829 2863 1913 (auscultet
2905 1833 3119 1900 verbis

202 1933 374 2018 meis)
415 1931 492 1998 P.
531 1933 594 2014 2,
643 1935 704 1998 l.
744 1933 954 1997 collam
994 1947 1067 2016 33
1107 1932 1412 1998 wolsowae
1455 1931 1876 2018 (desiderium
1920 1928 2353 2013 auscultandi)
2402 1933 2456 2013 l,
2490 1937 2553 1997 2.

353 2037 504 2100 Are
517 2055 637 2100 m.:
681 2055 760 2098 ne
787 2033 996 2117 elevas
1013 2033 1176 2118 (non
1205 2033 1426 2119 audio)
1455 2033 1591 2101 MJ.
1629 2036 1748 2101 189
1761 2055 1818 2099 a.
1879 2033 2125 2098 entroch
2167 2055 2208 2097 a
2238 2032 2369 2097 cleu
2412 2031 2711 2118 (auditis)
2742 2035 2867 2100 222
2880 2059 2934 2101 a.
2981 2059 3115 2122 pan

201 2138 343 2202 olet-o
385 2136 564 2223 (eum
593 2135 838 2220 audiet)
885 2137 1073 2203 124⁸.
1117 2157 1222 2199 -me
1264 2161 1306 2201 a
1335 2138 1494 2202 elevo
1536 2135 1848 2222 (audiam)
1895 2135 2017 2200 225
2030 2136 2091 2200 b.
2148 2157 2288 2199 maz
2316 2133 2578 2222 cleuimp
2622 2136 2723 2221 (ut
2754 2137 3119 2221 audiamus)

201 2237 351 2304 Buh.
379 2239 482 2321 24,
519 2239 621 2303 10.
677 2259 742 2302 ez
785 2238 1006 2303 clevhet
1047 2236 1148 2323 (nt
1177 2238 1482 2326 audiatis)
1524 2238 1660 2305 MJ.
1693 2239 1774 2303 26
1791 2237 1853 2302 b.
1890 2238 2009 2302 176
2028 2260 2085 2302 a.
2140 2259 2233 2300 em
2276 2235 2500 2301 clevlzet
2539 2235 2641 2322 (ut
2682 2261 2782 2304 me
2812 2238 3119 2324 audiatis)

205 2341 310 2404 194
323 2363 378 2406 a.
419 2339 550 2405 cleu
581 2338 794 2425 (audi)
824 2341 902 2405 15
914 2362 972 2405 a.
1016 2337 1179 2406 Buh.
1214 2341 1354 2422 170,
1387 2341 1487 2406 21.
1531 2340 1652 2406 cleo
1682 2339 1832 2425 (id.)
1864 2341 1923 2422 4,
1962 2341 2016 2405 1.
2062 2339 2121 2420 6,
2159 2340 2254 2403 19.
2296 2337 2667 2424 quitibunan
2698 2340 2899 2424 cleuit,
2932 2342 3121 2406 eleuet

196 2442 540 2506 canetenim
599 2441 852 2526 (omnes
909 2441 1150 2522 audite,
1211 2441 1422 2508 audite
1477 2439 1872 2524 Christiani)
1933 2442 2076 2522 130,
2119 2442 2180 2506 6.
2241 2441 2379 2519 132,
2430 2444 2527 2506 17.
2600 2442 2791 2528 clevyt
2842 2443 3117 2528 (audite)

199 2543 320 2609 MJ.
361 2545 518 2609 462.
577 2566 714 2608 nem
758 2543 953 2608 clevhe
997 2544 1158 2629 (non
1202 2544 1501 2610 audiebat
1539 2542 1692 2627 me),
1733 2565 1850 2629 nep
1897 2541 1971 2606 Ῐιο
2015 2542 2209 2606 σίευΙιε
2252 2542 2393 2628 (qui
2436 2565 2555 2608 vos
2596 2544 2875 2629 audiret)
2922 2549 3041 2611 189
3056 2547 3115 2610 b.

197 2647 312 2710 232
325 2669 380 2714 a.
436 2671 481 2710 a
518 2645 724 2732 quylis
765 2645 884 2710 hac
925 2669 966 2710 a
995 2646 1172 2710 cleris
1197 2667 1295 2712 me
1337 2645 1538 2734 (quod
1581 2645 1714 2710 vidi
1760 2653 1825 2710 et
1854 2643 2068 2709 audivi
2098 2642 2251 2727 ego)
2282 2645 2405 2708 222
2420 2645 2479 2710 b.
2539 2667 2675 2732 pan
2704 2647 2899 2710 elevas
2942 2647 3116 2731 (cum

199 2746 498 2833 audisset)
544 2749 625 2812 79
638 2748 699 2813 b.
754 2767 818 2811 ez
859 2767 998 2811 vezo
1039 2748 1227 2812 eleuet
1267 2771 1374 2814 ma
1408 2747 1608 2834 peden
1651 2745 1975 2831 (audietur
2014 2745 2299 2831 precatio
2327 2747 2501 2830 mea)
2545 2747 2706 2813 Buh.
2744 2750 2839 2830 16,
2872 2751 2974 2814 21.
3033 2751 3115 2814 da

200 2849 418 2934 deficat,
460 2851 549 2914 da
588 2849 778 2914 eleuet
818 2847 932 2932 (ad
975 2848 1391 2933 audiendum)
1437 2851 1538 2931 52,
1569 2850 1630 2916 6.
1674 2851 1779 2930 54,
1815 2847 1875 2913 2.
1944 2859 2125 2934 eyuyt
2166 2846 2347 2910 clevet
2375 2847 2523 2932 (id.)
2565 2848 2699 2914 MJ.
2735 2853 2843 2916 7a.
2901 2854 3120 2928 ousz

197 2951 358 3015 clevet
398 2949 704 3034 (audiens
745 2950 894 3035 vos)
939 2949 1132 3016 2222.
1189 2951 1464 3016 cleauuet
1505 2941 1842 3035 (‘audire')
1887 2948 2071 3017 Cath.
2160 2946 2439 3014 Cornico
2476 2951 2717 3036 qoam,
2754 2951 2976 3038 yolsmo
3018 2977 3116 3019 re-

199 3053 458 3138 spondet
499 3075 694 3119 atem.
736 3052 936 3117 sezlou
978 3043 1423 3135 (auscultare,
1471 3041 1713 3137 silere')
1759 3050 1945 3119 Cath.
2000 3047 2163 3115 Buh.
2208 3051 2310 3131 56,
2340 3051 2400 3116 4.
2460 3053 2543 3116 da
2576 3053 2784 3118 sezlou
2829 3055 2941 3139 (ad
2970 3079 3115 3120 aus-

199 3153 584 3238 cultandum)
625 3152 761 3219 MJ.
800 3155 921 3220 190
933 3175 990 3220 a.
1047 3153 1250 3219 eezlou
1279 3155 1629 3240 (ausculta)
1658 3151 1822 3219 Buh.
1861 3153 1998 3233 172,
2036 3153 2134 3218 13.
2192 3152 2293 3218 niz
2322 3154 2555 3219 eezlouo
2585 3155 3115 3235 (auscultabimus

199 3255 332 3340 tibi)
376 3259 482 3338 74,
515 3257 577 3323 8.
663 3255 836 3322 Hod.
881 3257 1106 3334 se'laou,
1152 3255 1335 3322 se'lao,

345 3360 402 3423 3.
452 3357 620 3424 Cum
649 3359 994 3446 negatione
1025 3359 1166 3425 sola
1192 3359 1514 3426 invenitur
1542 3359 1805 3426 verbum
1834 3356 2264 3444 impersonale
2295 3357 2925 3452 cambr3nymdaun·
2955 3360 3113 3442 (non

197 3459 370 3526 refert
410 3481 580 3544 mea,
623 3482 754 3527 non
797 3459 1010 3544 nolo)t
1055 3473 1360 3548 nymtawr
1399 3464 1431 3525 i
1467 3471 1648 3548 vynet
1687 3459 2013 3548 (equidem
2056 3459 2197 3544 ibo)
2240 3455 2413 3523 Mab.
2454 3459 2517 3541 2,
2553 3459 2669 3540 53;
2726 3481 2935 3546 praes.
2983 3484 3111 3529 sec.

197 3584 327 3647 nym
365 3563 547 3629 dom·
583 3585 628 3649 y
669 3559 875 3649 kynny
918 3559 1082 3627 heum
1127 3561 1318 3647 (nihil
1359 3561 1622 3630 referret
1663 3585 1820 3646 mea,
1869 3561 1925 3629 si
1969 3584 2102 3627 non
2134 3559 2373 3642 essem)
2422 3561 2475 3641 1,
2509 3559 2653 3625 289.
2741 3563 2940 3650 Apud
2980 3563 3113 3630 Da-

199 3663 336 3732 vies.
379 3666 478 3752 (p.
517 3663 700 3750 142):
757 3663 908 3728 ni’m
949 3664 1127 3728 dawr
1167 3667 1197 3729 i
1234 3663 1408 3749 (mea
1447 3685 1576 3732 non
1618 3663 1874 3750 refert),
1930 3665 2083 3730 m'th
2126 3663 2347 3728 ἀάατον
2387 3663 2459 3726 di
2499 3661 2640 3746 (tna
2680 3686 2811 3730 non
2852 3667 3110 3758 refert)3

197 3775 399 3832 contra
438 3765 877 3854 imperfectum
922 3764 1370 3852 coniugatione
1410 3765 1766 3854 personali:
1821 3769 1896 3832 ni
1934 3767 2224 3846 ‹idm-wit,
2266 3767 2339 3829 ni
2378 3765 2601 3828 ddorit.
2690 3765 3111 3856 Respondent
3142 3782 3145 3785 ’

204 3865 494 3935 formulae
549 3869 929 3936 cornicae
980 3891 1222 3956 praes.:
1295 3870 1504 3956 pynak
1555 3891 1627 3935 vo
1681 3871 1887 3955 letto-ys
1929 3867 2113 3955 pylek
2181 3890 2221 3932 a
2272 3866 2443 3932 weles
2498 3890 2582 3931 an
2634 3868 2749 3953 chy
2804 3893 2949 3957 ηψπ
3006 3873 3115 3937 der

205 3969 514 4058 (quisquis
557 3981 678 4054 est,
721 3970 1035 4038 litteratus
1080 3981 1190 4037 aut
1227 3969 1464 4052 laicus,
1511 3992 1654 4036 eum
1697 3970 1917 4036 videre
1961 3970 2207 4036 domum
2252 3991 2383 4035 non
2425 3969 2617 4035 refert
2656 3993 2827 4052 mea,
2883 3995 3013 4038 non
3054 3973 3111 4039 ei

203 4069 474 4158 invideo)
505 4072 592 4138 D.
624 4071 768 4138 682.
834 4073 1072 4138 altanus
1101 4085 1202 4158 tra
1243 4072 1394 4158 uyth
1419 4094 1568 4158 ηψπ
1597 4073 1720 4136 dur
1761 4071 1857 4157 (te
1885 4071 2047 4138 nihil
2078 4071 2259 4155 curo)
2302 4069 2378 4136 R.
2416 4071 2598 4137 1059.
2650 4071 2772 4158 hyn
2810 4095 2897 4158 yn
2926 4098 3113 4140 cam-a

205 4171 326 4257 cycl:
379 4197 526 4239 mar
583 4197 734 4239 vem·
787 4195 948 4239 awos
999 4196 1044 4261 y
1086 4174 1246 4238 lathe
1297 4195 1445 4259 nym
1500 4175 1654 4240 dne-r
1704 4175 2151 4261 (quantumvis
2216 4196 2355 4239 eum
2402 4182 2592 4254 amet,
2636 4174 2927 4241 occidere
2972 4199 3113 4242 eum

202 4292 308 4340 non
354 4273 609 4360 dubito)
651 4273 728 4343 R.
766 4277 954 4357 18983
1002 4276 1199 4342 semel
1241 4275 1644 4342 affirmative:
1691 4277 1812 4342 cleo
1841 4297 1986 4341 mar
2028 4277 2133 4341 ath
2167 4277 2289 4341 dur
2331 4274 2531 4359 (audi,
2578 4275 2633 4341 si
2674 4285 2787 4342 tua
2828 4277 3109 4360 interest,

204 4373 251 4438 si
289 4375 532 4464 placet)
587 4377 666 4444 R.
709 4380 865 4460 8453
925 4377 1396 4445 substantivum
1440 4377 1613 4445 idem
1657 4378 1939 4445 videtur:
1996 4399 2088 4442 ese
2130 4378 2287 4440 douo·
2340 4375 2421 4441 Ιια
2472 4398 2698 4461 ponvos
2751 4377 2894 4443 bras
2946 4381 3114 4465 (erat

206 4499 338 4545 cura
380 4491 448 4546 et
491 4479 856 4548 sollicitudo
897 4476 1160 4568 magna)
1204 4476 1279 4544 R.
1325 4481 1506 4546 1327.
1607 4477 1856 4547 Eodem
1912 4478 2037 4546 etsi
2096 4477 2563 4564 significatione
2618 4479 2685 4542 in
2732 4483 3113 4548 contrarium

203 4601 372 4649 versa
411 4582 737 4669 pertinent
787 4605 872 4647 ar
895 4580 1290 4648 emoricae
1341 4580 1646 4648 formulae
1687 4581 2026 4670 negativae
2068 4616 2151 4628 -—
2206 4578 2669 4646 concordantes
2724 4583 2914 4669 plane
2966 4607 3114 4652 cum

201 4681 462 4753 formulis
493 4684 816 4771 negativis
845 4705 984 4750 nem
1012 4706 1130 4749 eux
1161 4683 1322 4768 (non
1341 4681 1601 4766 habeo),
1631 4707 1745 4750 ποτε
1775 4708 1893 4750 eux
1922 4682 2082 4769 (non
2111 4678 2397 4765 habetis)
2422 4717 2495 4728 --
2532 4684 2825 4749 umdem-
2847 4678 3111 4772 (‘nolo')

204 4782 360 4853 Casti.
404 4787 581 4854 Buh.
613 4787 714 4870 28,
747 4788 806 4853 8.
849 4785 986 4852 MJ.
1019 4787 1174 4854 95b.
1231 4806 1370 4851 nem
1411 4785 1566 4851 deur
1607 4797 1748 4870 quet
1792 4788 1873 4851 74
1890 4788 1953 4854 b.
1989 4787 2176 4851 1879..
2232 4805 2349 4849 nos
2392 4786 2566 4867 deur,
2613 4807 2727 4850 ποτ
2772 4788 2925 4852 deur
2968 4801 3112 4873 quet

205 4885 338 4970 (non
376 4889 612 4974 vultis)
656 4891 739 4954 42
755 4889 817 4955 b.
861 4887 1024 4953 Buh.
1057 4889 1158 4968 40,
1191 4889 1265 4970 9;
1309 4910 1386 4954 ac
1428 4888 1802 4975 pronomine
1845 4888 2228 4976 praemisso:
2274 4911 2370 4954 me
2410 4911 2548 4955 nem
2590 4892 2743 4955 dem·
2771 4901 2911 4974 quet
2954 4890 3109 4976 (ego

203 4989 354 5076 nolo)
394 4991 517 5059 221
541 4993 604 5058 b.
703 4987 1076 5056 Formarum
1119 4988 1612 5075 compositarum
1655 4991 1894 5075 deurfe,
1943 4988 2245 5055 deuruouc
2302 4992 2597 5079 exempla
2647 5014 2841 5077 supra
2894 4993 3108 5058 attuli-

205 5113 318 5159 mus
357 5096 387 5179 (
435 5143 454 5160 .
485 5093 672 5178 578).

339 5118 588 5265 Ciintra
615 5195 874 5268 verbum
910 5194 1576 5279 aremoricumsallout
1605 5193 2021 5281 (desiderare,
2052 5194 2248 5280 velle)
2282 5196 2431 5262 item
2460 5194 2889 5282 impersonale
2920 5205 3098 5282 post-
