3717 5642
961 1838 1428 1972 LIBER
1504 1835 2325 1986 QUARTUS.

1485 2113 1780 2122 ———-.-—-—-

1239 2279 1369 2364 DE
1415 2275 2032 2366 PARTw-ULIS.

347 2481 612 2551 Nomine
656 2483 1110 2573 particularum
1153 2479 1772 2570 comprehenduntur
1811 2497 1939 2546 tam
1983 2479 2247 2547 voculae
2278 2477 2571 2544 flexionis
2602 2489 2915 2567 expertes,
2962 2477 3101 2544 sive

203 2587 529 2672 primitivae
574 2597 723 2654 sunt
765 2585 868 2652 vel
899 2585 1165 2678 originis
1207 2584 1536 2666 obscurae,
1583 2585 1720 2650 sive
1753 2607 1834 2648 ex
1864 2581 2007 2648 aliis
2051 2581 2357 2647 orationis
2400 2581 2688 2668 partibus
2730 2580 3099 2668 praesertim

205 2690 428 2754 nomine
491 2689 888 2769 derivantur,
953 2709 1142 2774 quam
1203 2683 1508 2752 formulae
1582 2683 1751 2750 idem
1823 2691 2087 2769 agentes
2101 2734 2117 2763 ,
2184 2692 2253 2748 ut
2304 2683 2449 2748 aliis
2514 2683 2779 2749 vocibus
2848 2681 3101 2748 additae

207 2790 388 2856 varias
427 2791 796 2872 relationes,
843 2811 1004 2875 quae
1047 2787 1176 2854 illis
1219 2809 1560 2874 earumque
1603 2785 1988 2852 flexionibus
2032 2783 2377 2871 significari
2419 2807 2549 2849 non
2579 2794 2867 2872 possunt,
2912 2805 3101 2848 accu-

208 2891 407 2959 ratiore
449 2891 640 2959 modo
687 2890 974 2958 indicent
1029 2899 1094 2955 et
1147 2887 1504 2976 suppleant.
1588 2887 1734 2954 Hae
1773 2888 1966 2976 igitur
2003 2886 2351 2976 particulae
2394 2885 2495 2951 vel
2531 2885 2835 2951 formulae
2890 2907 3105 2950 earum

211 2991 323 3057 vice
357 2993 726 3080 fungentes,
772 2992 1302 3080 praestantiorum
1345 2991 1718 3078 praesertim
1763 2991 2037 3078 partium
2082 2985 2419 3070 orationis,
2477 2985 2750 3052 nominis
2796 2995 2862 3052 et
2904 2985 3103 3064 verbi,

209 3094 459 3176 comites,
505 3117 650 3161 cum
682 3093 862 3160 varia
904 3103 1113 3182 agant,
1160 3103 1269 3159 aut
1298 3091 1655 3158 accuratius
1687 3090 2054 3158 describant
2084 3099 2328 3155 ceteras
2364 3110 2576 3169 voces,
2624 3097 2734 3152 aut
2776 3082 3102 3165 definiant,

209 3207 297 3257 aut
331 3197 594 3282 iungant
634 3195 738 3261 vel
784 3195 1134 3284 disparent,
1180 3205 1288 3261 aut
1329 3193 1668 3274 affirment,
1715 3203 1954 3280 negent
1997 3201 2135 3272 etc,
2184 3191 2455 3276 singulis
2501 3187 2817 3275 capitibus
2862 3187 3104 3254 descri-

207 3293 418 3364 bendae
463 3307 612 3363 sunt
657 3296 1006 3362 secundum
1037 3296 1322 3362 codicum
1355 3305 1706 3360 nostrorum
1754 3303 1819 3357 et
1846 3303 2393 3358 monumentorum
2441 3289 2857 3356 vetustiorum
2888 3299 3104 3356 aucto-

205 3397 439 3466 ritatem.

1247 3805 1579 3894 CAPUT
1623 3801 2038 3894 PRIMUM.

1362 3978 1479 4053 De
1533 3979 1921 4054 adverbiis.

353 4177 698 4264 Adverbia,
745 4197 910 4268 qnae
943 4175 1264 4246 adduntur
1303 4177 1520 4247 verbis
1563 4189 1636 4245 ut
1677 4181 1996 4246 adiectiva
2024 4181 2461 4264 substantivis,
2504 4191 2758 4269 praeter
2798 4183 3107 4270 quaedam

209 4281 500 4364 primifiva
549 4305 632 4349 ex
674 4282 1010 4350 adiectivis
1053 4280 1424 4369 plerumque
1467 4293 1616 4348 sunt
1659 4284 1945 4349 derivata
1996 4281 2063 4346 in
2119 4283 2441 4370 propriam
2490 4305 2605 4372 pro
2662 4285 2785 4350 hoc
2838 4309 3101 4355 munere

207 4381 456 4450 formam.
540 4385 932 4451 Adiciuntm·
969 4393 1182 4449 tamen
1223 4383 1440 4450 itidem
1485 4383 1567 4450 ad
1607 4384 1869 4450 verbum
1912 4382 2147 4468 (rarius
2192 4383 2272 4449 ad
2313 4385 2699 4452 adiectivum
2744 4388 2848 4453 vel
2879 4387 3101 4454 adver-

207 4483 348 4551 bium
389 4489 684 4573 alterum)
725 4486 1038 4554 formulae
1079 4488 1408 4573 quaedam,
1454 4486 1524 4552 in
1553 4487 1784 4572 quibus
1813 4485 2219 4550 continentur
2248 4488 2666 4570 substantiva,
2714 4489 3103 4576 pronomina,

207 4591 702 4676 praepositiones.
789 4587 936 4657 Hae
972 4588 1170 4674 igitur
1195 4588 1434 4653 formae
1464 4585 1895 4674 formulasque
1938 4589 2005 4652 in
2034 4589 2157 4654 hoc
2186 4591 2398 4677 capite
2443 4600 2592 4656 sunt
2620 4590 3104 4656 enumerandae.

1389 4809 1886 4822 ——n——a-—ss-h-—n—a—
