3717 5642
597 371 717 436 750
778 375 916 436 (711·
943 377 1061 435 ⁷12)
1218 373 1332 441 IV.
1379 377 1436 442 4.
1501 395 1928 446 menonem
1971 398 2356 446 NEGATIVAE
2404 389 2877 446 manantem.

593 568 836 622 morata
859 561 1125 642 samace:
1184 562 1259 627 cf.
1305 587 1423 630 nae
1465 569 1648 650 quasi
1687 591 1796 632 nec
1848 565 2058 633 Corm.
2115 587 2267 630 naec
2310 570 2369 634 .i.
2402 590 2523 631 non
2564 567 2812 634 O’Dav.
2908 565 3343 651 Simplicioris
3384 565 3503 630 for-

595 681 731 723 mae
775 683 850 723 ac
895 661 1098 726 Corm.
1157 664 1254 728 vel
1300 689 1406 729 acc
1449 666 1735 749 (Deirdri
1781 693 1841 754 p.
1884 668 2029 751 160)
2074 667 2364 753 exempla
2408 668 2533 733 vid.
2580 691 2680 756 ap.
2715 667 2965 734 O’Don.
3011 691 3118 754 pp.
3154 669 3299 732 327.
3334 668 3473 732 390.

1441 852 1522 917 D.
1588 852 2049 918 Particulae
2095 854 2663 920 exclamantes

761 965 1117 1031 particulae
1173 971 1534 1056 appellandi
1595 972 1693 1036 vel
1747 973 2174 1054 exclamandi,
2234 995 2391 1060 quas
2450 972 2671 1037 dicunt
2717 971 3511 1046 interiectiones,e1tant

591 1089 830 1150 paucae
887 1069 948 1132 in
997 1070 1324 1138 codicibus
1383 1075 1744 1138 hibernicis„
1836 1023 2255 1160 Frequentior
2298 1084 2398 1139 est
2439 1099 2498 1155 a,
2546 1076 2602 1153 ά,
2649 1075 2729 1136 lea
2772 1072 2913 1157 (lffat
2946 1073 3095 1156 o!)‚
3154 1075 3509 1158 praemissa

591 1170 882 1233 vocativo
939 1172 1150 1256 (cuius
1197 1176 1489 1262 exempla
1543 1155 1663 1240 vi'd.
1712 1177 1778 1241 in
1820 1176 2244 1242 declinatione
2287 1177 2614 1259 nominis).
2704 1177 3045 1242 Praeterea
3101 1174 3405 1259 leguntur
3446 1176 3509 1236 in

591 1267 732 1354 Sg.:
778 1297 904 1357 upp
948 1274 1059 1359 (gl.
1111 1277 1191 1354 ei,
1237 1277 1425 1363 Verg.
1473 1301 1571 1365 ap.
1617 1277 1722 1342 Pr.
1769 1279 1825 1356 7,
1860 1279 1918 1359 5,
1953 1277 2065 1361 21)
2118 1279 2460 1344 12022011,
2500 1277 2808 1342 ‘moohliab
2863 1302 2901 1340 a
2946 1275 3090 1339 nciib
3132 1278 3317 1360 inqen
3361 1275 3513 1359 (vae

589 1382 813 1458 pectus
859 1399 1084 1456 meum,
1133 1399 1170 1441 o
1217 1401 1399 1444 sacra
1443 1379 1654 1464 virgo!
1703 1379 1788 1463 gl.
1832 1401 2029 1464 marg.
2064 1380 2395 1468 scriptoris
2443 1379 2716 1464 codicis)
2764 1380 2926 1442 211·.
3016 1378 3256 1444 Nescio
3305 1401 3383 1444 an
3433 1377 3515 1440 sit

591 1475 783 1540 etiam
827 1478 1180 1544 interiectio
1226 1482 1291 1544 in
1336 1480 1418 1566 gl.
1451 1504 1682 1566 marg:
1729 1483 1822 1544 uit
1868 1482 2150 1546 moclaerob
2194 1481 2388 1566 (vae?
2430 1505 2657 1546 manus
2690 1481 2860 1565 mea)
2904 1479 3013 1566 Sg.
3056 1482 3214 1558 176¹ss
3264 1479 3327 1542 in
3363 1479 3514 1542 dex-

588 1588 726 1642 tera
767 1579 900 1644 folii
949 1592 1142 1665 parte,
1190 1585 1254 1647 in
1301 1584 1480 1649 cuius
1525 1594 1704 1669 parte
1749 1583 2016 1648 sinistra
2060 1583 2293 1670 legitur
2334 1606 2455 1647 sca.
2504 1583 2657 1670 briq.
2704 1581 2960 1666 (sancta
2998 1581 3355 1668 Brigiaal).

1910 1809 1921 1814 -
1960 1808 2023 1816 ...ψ
2068 1809 2142 1814 .---
2162 1809 2297 1818 ψ..

1394 1973 1485 2048 11.
1559 1973 2068 2049 Particulae
2119 1975 2711 2050 britannicae.

1756 2179 1836 2242 A.
1904 2178 2336 2264 Negantes.

761 2292 811 2352 l.
881 2289 1287 2357 Cambrica-
1337 2295 1647 2380 particula
1701 2297 2001 2382 negativa
2062 2297 2333 2382 simplex
2378 2295 2671 2362 absoluta
2712 2307 2813 2360 est
2852 2293 2985 2374 NI,
3040 2292 3197 2356 NY:
3264 2295 3340 2354 m·
3382 2295 3517 2354 coin

580 2392 1076 2474 ‚quodeiemkauch
1121 2393 1234 2479 (gl.
1279 2419 1408 2460 non
1455 2398 1616 2462 bene
1662 2419 1889 2481 passa,
1938 2399 2153 2484 signa)
2197 2400 2280 2484 gl.
2326 2399 2445 2465 Ox.
2489 2401 2615 2463 39⁸.
2698 2420 2779 2482 ny
2836 2396 3233 2480 σήῖφιςῃεεμηί
3288 2396 3523 2476 εὲνμοετ

585 2494 782 2577 temys
813 2519 852 2558 a
897 2494 1132 2558 chawat
1173 2496 1431 2582 hyffelyb
1470 2521 1513 2582 y
1554 2500 1650 2561 rei
1688 2499 1895 2585 loynny
1938 2499 2097 2583 (non
2141 2501 2516 2568 audiverant
2557 2523 2833 2588 unquam
2862 2497 3199 2564 tumultum
3242 2506 3309 2560 et
3350 2505 3519 2560 vem-

583 2603 898 2679 pestatem
944 2596 1211 2663 similem
1253 2597 1507 2682 horum)
1550 2599 1723 2666 Mab.
1762 2605 1813 2680 1,
1848 2602 1948 2666 23.
2036 2601 2137 2668 De
2168 2612 2338 2668 statu
2383 2625 2800 2669 consonarum
2846 2597 3251 2685 sequentium
3292 2596 3521 2684 primi-

581 2697 712 2762 tivo
761 2707 872 2763 aut
913 2697 1150 2766 infecto
1197 2723 1390 2788 supra
1419 2704 1859 2790 praecepimus
1904 2703 2043 2790 (pp.
2082 2705 2219 2770 189.
2255 2706 2393 2770 194.
2426 2705 2599 2789 202).

753 2801 926 2865 Ante
958 2803 1212 2868 vocales
1262 2805 1639 2891 praecedere
1685 2805 1848 2870 solet
1888 2805 2091 2871 forma
2116 2803 2329 2872 NYT:
2374 2818 2484 2892 ayt
2513 2805 2625 2870 oed
2645 2803 2976 2893 qyuanlwd
3012 2821 3139 2888 φη]
3161 2820 3317 2886 quer
3348 2798 3523 2883 (non

592 2912 728 2966 erat.
770 2901 1161 2970 domicilium
1201 2905 1270 2970 in
1315 2905 1577 2990 castro),
1619 2919 1728 2992 nyt
1769 2909 1883 2972 oed
1922 2931 2007 2972 un
2038 2909 2263 2994 lleetyr‚
2304 2919 2415 2994 πρε
2456 2907 2569 2970 oed
2608 2930 2696 2972 un
2726 2903 2908 2968 dalea
2950 2900 3107 2984 (non
3140 2908 3275 2966 erat
3318 2901 3527 2966 ullum

587 3027 722 3086 vas,
766 3004 1016 3090 folium)
1067 3004 1242 3073 Mab.
1291 3011 1344 3090 1,
1375 3010 1436 3073 4.
1470 3011 1527 3073 5.
1560 3009 1620 3072 9.
1675 3020 1784 3094 πρε
1821 3010 2141 3095 yepeilwye
2186 3021 2371 3094 θηται.
2416 3012 2482 3074 vi
2536 3006 2692 3091 (non
2739 3003 3046 3092 spoliavit
3082 3003 3229 3088 ipse
3270 3003 3411 3086 me)
3470 3007 3524 3080 1,

588 3109 682 3171 10.
748 3119 858 3192 nyt
898 3107 1117 3174 actebei
1155 3111 1230 3193 ef
1271 3109 1433 3193 (non
1473 3101 1905 3197 respondebat
1943 3110 2035 3194 is)
2082 3113 2139 3192 1,
2185 3111 2327 3174 267.
2396 3121 2505 3194 nyt
2548 3120 2880 3172 atwaenum
2932 3107 2962 3168 i
3004 3105 3145 3169 didi
3197 3101 3361 3186 (non
3406 3127 3526 3170 co-

589 3210 976 3294 gnoscebam
1020 3232 1140 3295 ego
1182 3209 1308 3294 te),
1365 3223 1480 3296 nyc
1519 3214 1848 3296 adwaeney
1890 3211 2003 3274 neb
2044 3233 2115 3274 ον
2158 3211 2323 3276 teulu
2363 3233 2471 3276 euo
2515 3212 2675 3295 (non
2718 3216 2989 3274 noverat
3041 3206 3379 3292 quisquam
3444 3231 3529 3273 ex

585 3311 838 3395 agmine
868 3309 1078 3395 illum)
1130 3314 1182 3392 1,
1217 3315 1316 3377 25.
1349 3314 1491 3379 267.
1549 3326 1659 3398 nyt
1698 3336 1732 3377 o
1771 3313 2105 3399 qyuoetlzeu
2143 3315 2235 3398 μά
2270 3313 2613 3399 ymbortkei
2654 3314 2810 3396 (non
2858 3309 2935 3374 de
2979 3309 3357 3395 imperando
3402 3331 3523 3375 cu-

579 3410 774 3496 ravit)
822 3416 877 3494 1,
925 3413 1068 3478 235.
1156 3411 1332 3494 Quin
1376 3415 1564 3480 etiam
1609 3422 1756 3479 ante
1801 3436 2118 3480 consonas
2160 3415 2513 3481 invenitur:
2568 3424 2679 3500 nyt
2731 3414 2853 3474 reit
2890 3411 2995 3474 itti
3052 3410 3213 3494 (non
3258 3423 3365 3476 est
3404 3435 3525 3478 ne·

579 3517 927 3583 cessarium
968 3515 1118 3595 tibi)
1162 3515 1334 3582 Mab.
1387 3519 1441 3598 1,
1485 3518 1542 3587 8.
1593 3517 1694 3580 21.
1765 3529 1877 3600 nyt
1916 3517 2045 3601 ἅμα
2084 3515 2280 3580 Ιιεᾱίω
2329 3538 2374 3600 y
2416 3515 2528 3580 neb
2576 3537 2621 3600 y
2658 3513 2869 3600 qerdet
2918 3511 3081 3595 (non
3124 3509 3265 3577 dies
3322 3512 3523 3580 hodie

576 3617 870 3702 cuiquam
911 3616 1394 3703 proficiscendi)
1447 3622 1498 3700 1,
1533 3617 1678 3684 288.
1761 3629 1873 3701 nyt
1914 3617 2067 3700 velly
2120 3637 2165 3700 y
2206 3638 2343 3681 mae
2382 3617 2549 3681 ianm
2590 3616 2668 3679 itt
2718 3615 2880 3700 (non
2921 3613 3017 3678 ita
3070 3613 3188 3679 tibi
3235 3637 3521 3702 aequum

577 3717 705 3801 est)
759 3722 808 3800 1,
842 3719 942 3784 25.
1007 3731 1118 3804 nyt
1159 3733 1227 3784 at
1266 3720 1379 3784 neb
1416 3743 1460 3806 y
1507 3719 1691 3804 lettya
1729 3741 1856 3804 yny
1900 3718 2053 3800 dref
2085 3718 2246 3800 (non
2276 3719 2431 3784 sinit
2472 3736 2851 3804 quemquam
2878 3714 3167 3782 habitare
3208 3715 3282 3780 in
3316 3718 3519 3792 nrbez

575 3843 755 3886 mox:
812 3823 984 3906 yadu
1023 3821 1137 3885 neb
1174 3843 1219 3908 y
1261 3823 1502 3907 lettyaw
1541 3819 1732 3906 yndi)
1783 3821 1842 3901 2,
1889 3820 1989 3882 62.
2082 3818 2325 3885 Eadem
2370 3828 2557 3884 aucta
2600 3827 2738 3902 πμ,
2784 3824 2855 3880 ut
2894 3827 3039 3894 nat,
3082 3819 3519 3902 supponenda

577 3937 678 3988 est
721 3933 868 3988 ante
911 3931 1144 3988 tenues
1191 3923 1503 4009 aspiratae
1551 3921 1646 4008 (p.
1685 3921 1869 4005 194),
1919 3941 2065 3986 cum
2105 3943 2206 4006 ny,
2250 3945 2337 3984 na
2382 3919 2800 3985 destituentes
2845 3915 2937 4001 (p.
2986 3915 3143 4000 202)
3186 3919 3519 4003 putandae

579 4026 708 4090 sint
753 4025 1108 4110 primitivae
1152 4024 1406 4090 formae.

741 4125 1011 4191 Formae
1056 4124 1340 4190 eiusdem
1396 4125 1602 4189 locum
1660 4123 1973 4188 interdum
2020 4123 2305 4187 obtinere
2350 4121 2598 4186 videtur
2643 4118 2849 4188 NYS:
2924 4120 3276 4204 achyuarch
3328 4125 3523 4209 qwell

580 4248 768 4292 aoruc
807 4227 921 4291 idi.
967 4251 1042 4291 ao
1081 4249 1194 4310 τιμε
1237 4225 1539 4292 attebawd
1573 4247 1654 4311 ψ·
1697 4222 1907 4289 iarlles
1950 4223 2047 4306 (et
2088 4223 2363 4289 salutare
2408 4245 2563 4303 eam,
2610 4220 2725 4287 sed
2772 4242 2903 4287 non
2930 4221 3268 4307 respondit
3310 4225 3517 4290 comi-

580 4328 767 4412 tissa)
811 4327 1208 4409 Mab.1,18
1275 4327 1434 4391 ωνιΙι
1476 4327 1686 4410 hynny
1729 4347 1841 4409 nyss
1883 4337 2191 4390 atwaenat
2230 4323 2342 4388 neb
2384 4345 2455 4388 ον
2498 4324 2586 4388 llu
2628 4324 2701 4406 es
2733 4322 3103 4409 (propterea
3144 4347 3273 4390 non
3322 4339 3519 4393 norat

579 4430 913 4515 quisquam
957 4451 1037 4494 ex
1081 4429 1329 4514 agmine
1372 4425 1582 4511 illum)
1633 4429 1685 4508 1,
1719 4427 1818 4490 24.
1908 4423 2291 4512 Plerumque
2334 4449 2485 4491 vero
2528 4449 2559 4488 ε
2598 4435 2777 4510 patet
2818 4447 2964 4490 esse
3005 4447 3369 4510 pronomen
3412 4430 3515 4492 in-

575 4529 764 4594 fixum
809 4531 1154 4616 personale
1197 4530 1255 4595 3.
1301 4551 1468 4616 pers.
1526 4528 1618 4615 (p.
1667 4527 1852 4611 376):
1922 4548 1987 4592 οε
2022 4528 2242 4613 yallafi
2298 4529 2379 4592 les
2418 4529 2510 4591 mi
2548 4549 2623 4591 ae
2657 4525 2893 4614 qwnas
2950 4527 3097 4610 astes
3137 4547 3253 4610 aye
3290 4546 3521 4612 qwnas

571 4632 753 4694 inneu
815 4631 905 4715 (si
959 4641 1180 4718 potero
1239 4631 1638 4698 commodum
1692 4653 1810 4715 ego
1861 4628 2122 4711 faciam,
2177 4628 2642 4695 incommodum
2700 4627 2995 4714 equidem
3049 4643 3180 4692 non
3236 4628 3513 4714 faciam)

575 4731 748 4799 Mab.
795 4736 848 4814 1,
881 4735 1026 4800 256.
1097 4735 1224 4798 dim
1266 4755 1335 4796 oc
1377 4732 1548 4798 awcls
1591 4734 1674 4795 da
1715 4753 1828 4818 ny&
1870 4731 2147 4816 mynnas
2182 4730 2555 4818 (quidquam
2616 4753 2695 4796 ex
2738 4738 2955 4795 vestro
2998 4731 3169 4796 bono
3212 4730 3400 4815 nolo)
3456 4737 3511 4810 1,

573 4835 715 4899 272.
789 4858 871 4919 ny
927 4835 1320 4920 chyuarckafi
1371 4833 1505 4898 well
1549 4833 1687 4919 μετ’.
1742 4833 1867 4898 lcan
1915 4853 2025 4917 mys
2070 4833 2257 4918 dylyy
2315 4833 2475 4917 (non
2518 4829 2809 4898 salutabo
2854 4839 2955 4914 te,
2998 4853 3153 4896 nam
3197 4855 3331 4898 non
3377 4855 3511 4900 me-

573 4936 760 5002 ruisti
802 4936 900 5020 id)
952 4941 1004 5018 1,
1039 4937 1180 5002 283.

744 5039 1086 5106 Oornioa
1124 5037 1250 5103 NY
1294 5035 1646 5101 destituens
1691 5043 2032 5120 sequentes
2076 5057 2421 5102 consonas:
2466 5059 2550 5120 ny
2589 5035 2658 5120 yl
2698 5035 2815 5099 den
2844 5035 2989 5118 vytb
3018 5047 3303 5118 amontye
3341 5035 3509 5121 (non

569 5150 786 5229 potest
846 5141 1177 5229 quisquam
1222 5138 1621 5224 computare)
1676 5137 1749 5202 P.
1791 5141 1892 5220 40,
1940 5139 1997 5201 2.
2064 5159 2205 5200 mar
2244 5161 2328 5222 ny
2365 5138 2435 5223 91
2478 5138 2579 5202 bos
2618 5137 2727 5200 ken
2784 5134 2871 5218 (si
2920 5157 3045 5200 non
3092 5147 3312 5222 potest
3354 5161 3511 5204 esse
