3717 5642
587 451 686 524 VI
721 454 982 524 (IV-Vl)
1651 473 2037 524 PRAEFATIO
2080 475 2439 525 Auci-oms.

584 653 716 710 tem
755 643 1031 729 aliquam
1075 642 1364 708 extitisse
1407 643 1659 728 quidem
1699 644 1770 709 in
1812 645 2035 731 lingua
2066 643 2395 712 Celtarum
2438 643 2800 729 (Gallorum
2846 645 2925 710 ab
2972 641 3355 709 occidentali
3384 643 3497 710 Se-

589 775 802 839 quana
843 762 908 819 et
947 752 1305 838 Matrona),
1357 752 1698 837 Belgarum
1758 755 1869 838 (ab
1915 755 2157 821 oriente
2202 755 2545 821 eorundem
2586 754 2972 839 fluminum),
3031 751 3499 836 Britannorum,

587 887 717 929 non
763 873 970 928 tamen
1013 873 1271 946 tantam,
1315 872 1388 928 ut
1425 863 1590 928 inter
1629 863 1748 930 hos
1775 865 2049 952 populos
2094 865 2403 932 sermonis
2448 864 2890 930 commercium
2934 886 3081 930 esse
3120 887 3250 931 non
3278 874 3505 951 potue-

585 975 687 1040 rit.
775 973 880 1040 Ex
923 997 1000 1040 ea
1027 985 1234 1040 aetate
1281 983 1534 1040 servata
1577 997 1722 1040 esse
1769 976 2029 1041 nomina
2056 976 2307 1062 gallica,
2353 975 2620 1060 belgica,
2664 975 3024 1040 britannica
3053 975 3347 1058 virorum,
3392 999 3503 1062 op-

587 1085 906 1172 pidorum,
953 1085 1314 1168 fluviorum,
1359 1085 1717 1173 plantarum
1759 1095 1826 1152 et
1866 1109 2074 1172 pauca
2116 1087 2303 1152 etiam
2344 1084 2658 1150 vocabula
2709 1107 2749 1150 a
2791 1084 3213 1172 scriptoribus
3257 1087 3503 1172 graecis

589 1205 655 1262 et
695 1197 940 1278 latinis,
995 1195 1234 1261 nemini
1278 1195 1612 1262 vetustatis
1655 1219 1852 1282 gnaro
1897 1197 2292 1284 incognitum
2334 1206 2451 1260 est.
2549 1193 2654 1259 Ex
2696 1194 2779 1260 iis
2834 1193 3208 1262 varietatem
3248 1195 3505 1282 linguae

591 1305 981 1392 deprehendi
1023 1327 1220 1393 posse
1261 1328 1447 1372 nemo
1494 1306 1794 1392 sperabit.

754 1415 1144 1482 Varietatem
1183 1415 1374 1500 longe
1417 1414 1721 1482 maiorem
1761 1425 2167 1482 monumenta
2228 1414 2469 1500 scripta
2524 1414 2603 1480 ab
2644 1413 2965 1500 indigenis
3020 1416 3217 1480 totius
3274 1417 3507 1502 gentis,

594 1549 634 1592 a
670 1526 830 1592 viris
871 1548 1006 1616 non
1047 1525 1254 1592 solum
1299 1525 1672 1590 britannicis
1717 1525 1832 1591 sed
1877 1525 2069 1590 etiam
2112 1525 2478 1607 hibernicis,
2522 1526 2941 1611 comprobant
2978 1526 3129 1592 inde
3173 1547 3212 1590 a
3254 1526 3509 1592 saeculo

591 1646 818 1702 octavo
862 1635 970 1701 vel
1009 1657 1202 1700 nono.
1288 1633 1470 1700 Libri
1509 1633 1870 1716 britannici,
1914 1646 2047 1700 tam
2089 1633 2395 1701 cambi-ici
2438 1655 2627 1719 quam
2672 1635 3021 1716 aremorici,
3064 1635 3192 1700 iam
3236 1657 3313 1700 eo
3353 1645 3512 1700 tem-

587 1767 746 1831 pore
797 1745 866 1808 in
909 1745 1086 1810 sonis
1104 1793 1121 1826 ,
1176 1744 1286 1830 qui
1331 1755 1688 1830 congruunt
1741 1765 1883 1810 cum
1940 1743 2119 1810 sonis
2170 1743 2500 1809 nominum
2544 1743 3039 1810 britannicorum
3092 1745 3515 1810 vetustiorum

591 1863 658 1920 et
698 1854 1068 1940 gallicorum
1083 1899 1102 1936 ,
1145 1862 1337 1940 atque
1376 1853 1446 1918 in
1489 1853 1710 1920 formis
1754 1854 2177 1940 grammaticis
2218 1861 2461 1918 tantam
2505 1851 2928 1918 differentiam
2980 1873 3135 1939 prae
3178 1874 3251 1919 se
3304 1853 3517 1919 ferunt

589 1987 630 2029 a
671 1965 848 2030 sonis
901 1972 966 2029 et
1017 1963 1235 2031 formis
1279 1963 1657 2049 scriptorum
1709 1963 2175 2029 hiber-uicorum
2236 1961 2519 2028 eiusdem
2569 1963 2903 2048 temporis,
2960 1974 3030 2028 ut
3088 1963 3265 2030 nullo
3322 1964 3514 2030 modo

591 2074 781 2139 statui
823 2074 1033 2159 possit
1072 2075 1239 2139 inter
1279 2072 1624 2139 Britannos
1681 2081 1746 2138 et
1781 2071 2107 2140 Hibernos
2160 2071 2417 2158 linguae
2458 2072 2908 2138 commercium
2962 2094 3041 2138 ea
3093 2083 3331 2156 aetate,
3392 2095 3517 2140 nec

591 2206 743 2270 ergo
801 2184 992 2250 etiam
1045 2193 1252 2249 aetate
1300 2183 1500 2248 multo
1541 2183 1916 2266 vetustiore,
1976 2184 2263 2269 quamvis
2309 2194 2635 2269 utramque
2679 2181 3020 2247 dialectum
3073 2182 3179 2248 vel
3232 2182 3515 2268 linguam

590 2295 742 2379 (hac
781 2315 943 2360 voce
986 2294 1155 2359 enim
1197 2303 1338 2359 utar
1382 2293 1674 2360 consulto
1726 2294 1809 2360 ob
1851 2291 2019 2359 hanc
2060 2291 2523 2377 diversitatem)
2578 2314 2658 2358 ex
2714 2313 2841 2356 uno
2894 2290 3069 2357 fonte
3112 2301 3313 2358 ortam
3367 2313 3517 2358 esse

597 2404 766 2470 clare
817 2412 1049 2491 pateat.
1148 2402 1393 2470 Poterit
1435 2403 1732 2470 affirmari
1787 2404 1989 2470 maior
2046 2401 2399 2469 differentia
2449 2402 2616 2467 inter
2670 2401 2951 2487 linguam
3004 2400 3396 2467 hibernicam
3456 2411 3523 2467 et

598 2514 1038 2596 britannicam,
1093 2535 1285 2600 quam
1325 2514 1492 2580 inter
1535 2515 1899 2580 scandicam
1946 2523 2265 2579 vetustam
2305 2513 2419 2582 vel,
2454 2511 2829 2577 islandicam
2873 2520 2938 2577 et
2980 2521 3226 2576 ceteras
3268 2533 3522 2596 germa-

590 2625 769 2690 nicas
825 2623 1159 2706 dialectos,
1227 2623 1336 2690 vix
1386 2635 1598 2690 tamen
1651 2635 1831 2691 tanta
1884 2633 2119 2712 quanta
2176 2622 2421 2690 obtinet
2471 2622 2639 2686 inter
2678 2620 2961 2706 linguam
3002 2619 3369 2686 lituanicam
3415 2620 3523 2686 vel

591 2735 948 2821 prussicam
987 2743 1307 2800 vetustam
1351 2745 1416 2800 et
1457 2735 1780 2801 slavicam.

555 2888 596 2936 3
763 2843 1079 2911 Gallicam
1127 2854 1336 2910 autem
1377 2844 1660 2931 linguam
1701 2845 2001 2932 priscam,
2048 2863 2213 2928 quae
2252 2849 2403 2928 post
2443 2840 2765 2906 interitum
2808 2839 3063 2926 imperii
3089 2839 3527 2906 Romanorum

591 2962 656 3018 et
695 2953 1095 3022 invasionem
1135 2953 1527 3020 Francorum
1581 2955 1819 3021 sensim
1872 2952 2073 3019 cessit
2124 2973 2331 3017 novae
2373 2949 2733 3016 romanicae
2786 2959 2961 3016 ortae
3015 2950 3083 3014 in
3140 2951 3522 3036 regionibus

590 3063 867 3148 gallicis,
915 3063 974 3128 si
1015 3085 1146 3128 non
1188 3062 1328 3158 fust,
1349 3064 1569 3130 eadem
1611 3086 1776 3151 quae
1802 3062 2177 3144 britannica,
2220 3061 2371 3127 huic
2406 3069 2619 3127 tamen
2664 3059 3033 3127 viciniorem
3076 3059 3277 3126 fuisse
3323 3082 3523 3146 quam

587 3157 972 3256 hibernicae,
1016 3171 1177 3240 haec
1217 3174 1620 3260 potissimum
1663 3173 2033 3240 ostendunt:

763 3287 816 3348 1.
863 3281 1297 3370 Congruentia
1343 3307 1639 3351 sonorum
1683 3283 2093 3370 quorundam,
2138 3281 2367 3368 quibus
2414 3280 2625 3346 differt
2665 3279 3015 3361 hibernica,
3060 3303 3115 3347 e.
3148 3303 3239 3366 gr.
3284 3280 3353 3344 in
3400 3305 3525 3347 no-

595 3393 872 3460 minibus
918 3395 1168 3480 gallicis
1196 3393 1448 3476 Litana,
1492 3394 1885 3475 Litaviccus,
1931 3415 2093 3479 quae
2125 3401 2275 3457 sunt
2302 3390 2509 3456 adhuc
2539 3391 2895 3458 britannice
2924 3390 3049 3455 adi.
3084 3391 3259 3471 Iitan,
3308 3393 3525 3458 subst.

591 3505 765 3586 titan,
815 3504 932 3570 sed
973 3504 1299 3572 hibernice
1345 3505 1568 3586 Iethan,
1615 3503 1792 3586 letha,
1839 3524 2003 3589 quae
2045 3502 2341 3587 inprimis
2386 3500 2907 3567 animadvertitur
2946 3501 3015 3564 in
3062 3499 3331 3566 vocibus
3376 3501 3525 3586 gal-

590 3615 735 3680 licis
779 3626 844 3679 et
885 3614 1282 3696 britannicis,
1331 3635 1387 3679 e.
1431 3637 1524 3700 gr.
1569 3613 1636 3678 in
1678 3610 1998 3693 Petuaria,
2044 3613 2437 3698 petorritum,
2484 3611 2863 3698 pempedula
2884 3661 2900 3692 ,
2947 3609 3282 3676 Penninus
3328 3610 3525 3694 deus,

591 3725 954 3791 Penninum
1004 3725 1254 3810 iugum,
1309 3722 1567 3808 Epona,
1626 3721 2002 3808 Eporedici,
2054 3721 2733 3809 Epomanduodurum,
2782 3721 3311 3787 convenientibus
3368 3741 3529 3787 cum

596 3836 931 3902 cambricis
968 3847 1196 3921 petuar
1240 3831 1620 3919 (quattuor),
1657 3833 1838 3918 pimp
1882 3832 2256 3918 (quinque),
2307 3853 2469 3916 penu
2508 3832 2659 3918 (cap
2668 3829 2787 3914 ut),
2829 3851 2903 3915 ep
2947 3830 3015 3894 in
3062 3830 3261 3896 deriv.
3304 3833 3526 3916 epa-ul,

591 3945 773 4010 ebaul
813 3943 1121 4032 (pullus),
1185 3965 1330 4008 cum
1371 3941 1700 4009 hibernico
1746 3941 1830 4008 sit
1872 3963 1934 4022 ο,
1982 3943 2054 4006 ck
2094 3965 2212 4028 pro
2248 3963 2299 4026 p
2352 3941 2422 4005 in
2464 3941 2725 4021 iisdem,
2786 3950 2853 4003 ut
2894 3939 3082 4003 cathir
3123 3939 3523 4026 (quattuor),

589 4055 716 4118 edio
756 4053 1132 4140 (quinque),
1177 4075 1328 4117 cerm
1371 4053 1626 4138 (caput)
1643 4102 1658 4131 ,
1707 4051 1811 4115 ech
1853 4050 2141 4137 (equus).
2236 4051 2297 4115 N
2300 4073 2383 4117 on
2428 4051 2710 4116 concedo
2756 4049 3179 4114 differentiam
3233 4047 3529 4135 gallicae

592 4165 854 4252 linguae
899 4187 938 4228 a
981 4163 1340 4228 britannica
1382 4173 1448 4226 et
1489 4159 1963 4246 congruentiam
2006 4182 2147 4226 cum
2176 4161 2509 4227 hibernica
2549 4160 2619 4225 in
2658 4159 2973 4245 particula
3012 4180 3115 4222 cu-
3156 4159 3227 4223 in
3254 4179 3531 4247 compo·-

592 4273 738 4340 sitis
781 4272 1205 4354 Suessiones,
1265 4271 1606 4350 Suanetes,
1665 4291 1808 4336 cum
1853 4270 2079 4336 eadem
2124 4293 2250 4337 vox
2298 4270 2385 4336 sit
2423 4269 2749 4336 hibernice
2806 4291 2929 4352 ew,
2974 4291 3093 4350 eo-,
3150 4269 3528 4338 britannice

593 4395 804 4448 autem
846 4383 971 4463 Ιιο-,
1016 4381 1138 4464 he-,
1183 4382 1311 4466 Ity-u
1401 4379 1590 4445 Hanc
1633 4379 1804 4444 enim
1845 4381 1888 4443 h,
1930 4402 2045 4466 pro
2090 4403 2120 4444 8
2166 4403 2311 4446 esse
2355 4378 2620 4445 serioris
2662 4379 2929 4466 originis
2972 4388 3165 4465 atque
3206 4401 3234 4442 ε
3289 4379 3529 4464 primi-

592 4493 786 4560 tivam
831 4492 1188 4558 obtinuisse
1230 4489 1398 4576 apud
1443 4487 1782 4555 Britannos
1827 4491 2035 4556 adhue
2079 4488 2502 4557 Romanorum
2545 4499 2777 4569 aetate,
2826 4488 3015 4554 docet
3051 4511 3283 4554 nomen
3330 4488 3525 4556 fluvii

595 4600 889 4682 Sabrina,
934 4601 1102 4688 quod
1149 4599 1536 4686 posteriores
1577 4598 1871 4664 Britanni
1930 4610 1996 4666 et
2048 4600 2337 4666 hodierni
2393 4600 2723 4686 proferunt
2765 4597 3011 4681 Hafren
3053 4596 3147 4684 (p.
3198 4597 3381 4683 1⁶22),
3452 4613 3535 4664 ut

593 4735 826 4778 nomen
871 4712 1092 4798 populi
1137 4711 1278 4776 brit.
1327 4706 1686 4790 Σελγοηῦαι
1734 4709 1907 4795 apud
1949 4709 2115 4775 Ptol.
2164 4721 2381 4776 servat
2422 4710 2615 4775 etiam
2654 4731 2687 4771 8
2728 4729 2843 4794 pro
2884 4709 2926 4771 Ιι
2968 4707 3258 4772 hodierni
3306 4709 3531 4775 subet.

593 4823 739 4888 brit.
783 4823 906 4902 hee,
951 4823 1084 4906 hely
1126 4819 1288 4906 (hib.
1333 4818 1490 4903 sely,
1539 4819 1846 4904 venatio).
1938 4818 2387 4887 vetustissima
2446 4829 2657 4885 autem
2715 4828 2817 4884 est
2869 4818 3038 4883 haud
3095 4817 3287 4883 dubie
3331 4818 3535 4885 difle-

593 4931 800 4998 rentia
841 4953 1136 4996 sonorum
1171 4955 1220 5017 p
1264 4942 1330 4995 et
1370 4953 1429 5012 0,
1487 4937 1552 4994 et
1593 4929 1840 4995 obtinet
1879 4931 1950 4994 in
1996 4931 2268 4996 diversis
2312 4931 2554 5016 linguis
2596 4929 2973 5015 antiquitus,
3035 4951 3089 4992 e.
3136 4951 3227 5012 gr.
3286 4929 3353 4992 in
3402 4929 3531 4996 lat.

593 5053 905 5127 quattuor,
949 5041 1169 5107 lituan.
1199 5039 1463 5123 loetum,
1511 5051 1576 5106 et
1616 5061 1808 5125 germ.
1836 5039 2050 5120 fidvor
2092 5039 2183 5124 (2-
2210 5041 2485 5127 patriar),
2531 5042 2635 5106 lat.
2680 5041 2951 5124 quinque
2993 5039 3083 5122 (ε
3118 5039 3335 5122 cinae),
3382 5039 3533 5106 hib.

599 5153 746 5234 edic,
794 5161 857 5217 ct
899 5175 1089 5237 germ.
1117 5151 1281 5236 fimf
1313 5149 1406 5234 (==
1449 5149 1672 5236 pimp).

769 5264 830 5326 2.
893 5261 1208 5330 Sonorum
1253 5263 1478 5329 eadem
1517 5261 1881 5348 progressio
1933 5261 2005 5324 in
2049 5260 2267 5347 lingua
2308 5262 2665 5328 britannica
2705 5269 2895 5344 atque
2936 5259 3004 5323 in
3042 5257 3281 5344 gallica
3318 5260 3539 5329 etiam
