3717 5642
918 401 1031 468 IV.
1078 401 1139 465 2.
1204 415 1779 465 rmnrosrrronts
1822 414 2298 464 amr-mmm.
2370 400 2511 462 (624.
2533 400 2653 452 62⁵·
2675 400 2794 452 ⁶³⁶2·
2821 400 2944 461 634)
3007 398 3132 463 669

244 588 363 670 198,
406 588 509 654 21.
576 588 715 651 leun
770 609 811 650 a
860 586 1047 651 ieehet
1096 585 1178 651 Ιια
1232 608 1275 649 a
1306 606 1431 671 pep
1482 594 1701 670 quercet
1752 582 1977 671 (plena
2019 584 2313 651 sanitatis
2369 592 2434 651 et
2485 583 2693 649 omnis
2749 580 3134 665 venustatis)

240 691 325 771 46,
354 692 411 755 5.
440 690 501 753 6.
555 687 682 753 cale
722 711 767 752 a
804 710 1051 771 soctan,
1094 688 1221 752 cale
1262 710 1303 751 a
1346 706 1623 770 ancquen
1667 685 1962 770 (multum
2005 708 2211 768 curae,
2258 685 2526 770 doloris)
2579 687 2674 769 16,
2710 686 2808 751 18.
2858 684 2997 767 130,
3035 685 3132 749 19.

241 813 275 852 a
306 811 415 876 ρῳ
456 790 587 854 lech.
626 780 1037 875 (‘undique')‚
1084 812 1125 853 α
1162 810 1281 874 pep
1324 798 1391 851 tu
1434 781 1643 871 (hinc
1686 778 1877 871 inde',
1923 788 1964 852 i.
2001 811 2054 853 e.
2100 788 2178 853 ab
2225 788 2394 853 omni
2439 786 2650 873 parte)
2696 784 2880 854 Cath.
2969 782 3136 853 Cum

240 890 512 956 articulo·
570 913 653 953 an
693 889 879 955 kneeh
920 891 1047 955 dan
1090 902 1235 954 tnou
1285 880 1692 974 (Mdeorsum)
1736 886 1922 956 cath.
1989 912 2156 953 vnan
2210 914 2294 955 an
2335 902 2464 964 sent
2517 889 2713 975 (unus
2769 910 2804 953 e
2863 886 3136 972 sanctis)

241 990 381 1055 Buh.
410 994 469 1074 4,
502 992 563 1055 6.
634 1014 719 1057 an
760 991 888 1055 leole
928 991 1073 1056 leont
1112 992 1226 1077 (ex
1266 990 1379 1056 illo
1423 989 1599 1073 loco)
1642 990 1702 1072 2,
1734 992 1795 1053 4.
1866 1014 1950 1054 an
1994 990 2088 1055 bet
2127 1012 2276 1057 man
2335 990 2452 1075 (ex
2496 989 2620 1056 hoc
2660 988 2930 1130 mundo)
2990 990 3134 1069 202,

245 1094 325 1157 15.
365 1090 729 1159 MJ.130a.

385 1192 748 1261 Pleniorem
786 1194 1049 1260 formam
1090 1216 1164 1259 ao
1220 1193 1359 1260 sive
1403 1193 1617 1281 potius
1662 1216 1743 1279 aq
1792 1192 2040 1259 mollita
2095 1194 2270 1259 tenui
2316 1202 2652 1260 servarunt
2691 1192 2924 1259 Veneti
2985 1201 3138 1257 ante

242 1295 545 1361 articulum
594 1307 657 1363 et
696 1296 1071 1383 pronomina
1111 1294 1495 1383 possessiva
1536 1294 1868 1360 vocalibus
1909 1293 2226 1361 inchoata.

386 1396 543 1466 Cum
568 1398 905 1465 adiectivis
930 1398 1243 1464 interdum
1276 1396 1473 1463 efficit
1500 1396 1827 1463 adverbia:
1860 1416 1958 1461 me
1979 1418 2104 1481 aya
2131 1419 2172 1459 a
2196 1396 2336 1461 berr
2356 1396 2464 1481 (eo
2486 1396 2696 1480 brevi)
2720 1395 2880 1461 Buh.
2911 1396 3008 1477 10,
3033 1396 3135 1460 21.

239 1520 321 1562 me
355 1523 394 1562 α
424 1501 598 1585 soiny
636 1524 682 1565 a
707 1498 863 1564 celer
890 1499 1109 1585 (video
1138 1499 1341 1583 clare)
1377 1501 1473 1580 10,
1506 1500 1608 1565 23.
1661 1499 1787 1562 mir
1831 1524 1874 1564 a
1899 1520 2046 1563 cren
2088 1498 2309 1583 (serva
2349 1497 2636 1582 omnino)
2679 1499 2783 1579 62,
2813 1499 2875 1561 4.
2936 1521 2978 1559 a
3019 1496 3143 1583 pell

241 1591 367 1683 (‘de
392 1600 601 1688 longe,
648 1592 967 1686 eminus’),
1012 1625 1052 1665 a
1080 1612 1197 1667 tout
1238 1592 1639 1685 (‘cominus’)
1680 1598 1868 1667 cath.
1953 1599 2128 1665 Ante
2157 1600 2318 1666 alias
2357 1600 2898 1687 praepositiones:
2943 1608 3140 1661 monet

240 1724 414 1767 aravo
434 1694 926 1788 (‘antecedere’)
950 1702 1135 1770 Gath.
1193 1702 1563 1769 Accedente
1591 1724 1807 1790 praep.
1833 1702 1906 1766 di
1917 1720 1932 1763 :
1963 1702 2106 1767 duet
2133 1703 2222 1787 off
2237 1704 2468 1789 diapell
2494 1702 2674 1788 (veni
2703 1724 2740 1767 e
2761 1697 3141 1786 longinquo)

241 1802 381 1869 Buh.
412 1804 516 1887 38,
548 1807 617 1890 7;
654 1805 759 1871 vel
784 1804 1121 1892 tripliciter
1142 1804 1444 1889 (a-di-a):
1476 1827 1519 1869 a
1548 1802 1777 1869 diabeu
1800 1824 2078 1867 meua:
2105 1804 2268 1868 sellet
2296 1804 2562 1889 (dudum
2593 1802 2839 1886 studui)
2867 1803 3004 1877 156,
3043 1804 3140 1866 16.

387 1906 661 1973 Formae
705 1916 956 1973 auctae:
1000 1928 1077 1971 ne
1098 1908 1307 1971 sovrei
1341 1907 1493 1994 qlan
1538 1928 1655 1991 nep
1695 1928 1861 1969 vnan
1893 1905 2151 1991 ahanqff
2185 1905 2342 1989 (non
2389 1905 2636 1972 laborat
2664 1905 2924 1971 omnino
2967 1904 3145 1991 quis-

240 2026 403 2091 quam
446 2009 529 2075 de
570 2008 703 2092 me)
744 2008 907 2074 Buh.
944 2009 1085 2091 118,
1118 2010 1215 2073 19.
1280 2009 1511 2074 ahanot
1536 2029 1643 2073 voe
1682 2030 1747 2070 ez
1776 2028 1982 2072 coezas
2021 2008 2200 2071 donet
2242 2006 2356 2091 (ex
2395 2016 2460 2073 te
2489 2007 2726 2073 accidit
2768 2017 2840 2072 ut
2865 2007 3140 2088 venires,

238 2116 329 2173 tna
356 2118 583 2196 sponte
612 2109 877 2196 venisti)
921 2110 1056 2177 MJ.
1088 2112 1169 2175 86
1190 2132 1249 2175 a.
1302 2132 1475 2173 unan
1513 2110 1735 2197 yar-dis
1776 2129 1882 2173 am
1910 2118 2146 2193 &aym
2187 2109 2468 2173 αΙιαηοσΙι
2507 2109 2704 2193 (unus
2749 2132 2786 2175 e
2813 2107 2999 2175 vobis
3037 2130 3142 2173 me

238 2210 441 2295 prodet
482 2211 813 2297 audacter)
869 2216 949 2279 57
961 2213 1021 2280 b.
1096 2210 1342 2295 anezaff
1377 2232 1445 2275 eo
1492 2233 1559 2276 ez
1609 2210 1819 2297 yroaff
1838 2210 1961 2293 fae
2015 2207 2126 2291 (de
2173 2232 2278 2293 eo,
2335 2210 2504 2293 eius,
2561 2210 2904 2277 ludibrium
2943 2209 3144 2294 facio)

238 2310 377 2380 Buh.
421 2315 563 2395 172,
608 2314 711 2379 22.
783 2314 911 2378 dan
966 2312 1155 2378 babes
1208 2312 1482 2397 anezaff‚
1546 2336 1631 2377 an
1686 2311 1827 2394 becq
1886 2309 2123 2394 anezaf
2173 2310 2378 2396 (vitae
2434 2311 2602 2395 eius,
2661 2334 2926 2377 acumen
2971 2312 3142 2397 eius)

235 2414 448 2494 48,10.
499 2416 641 2497 152,
677 2417 775 2481 14.
832 2436 897 2479 ez
939 2416 1037 2479 dle
1079 2414 1265 2497 ὄρεα]
1283 2413 1391 2498 fez
1432 2436 1623 2501 anezy
1674 2413 1898 2498 (debet
1953 2434 2100 2495 esse
2151 2412 2316 2478 fides
2373 2413 2452 2478 de
2511 2436 2621 2496 ea,
2677 2414 2845 2497 eius,
2903 2414 3142 2498 crucis)

242 2517 365 2597 154,
392 2518 495 2581 21.
550 2538 803 2603 qreomp
846 2540 929 2582 an
952 2516 1271 2602 quirionez
1299 2517 1479 2581 anezi
1516 2515 1853 2601 (faciamus
1885 2514 2212 2580 veritatem
2243 2515 2401 2597 eiuS,
2447 2515 2644 2601 legis)
2681 2516 2818 2597 156,
2850 2516 2952 2581 23.
3007 2536 3144 2579 nem

239 2613 331 2678 boe
364 2629 505 2701 quet
544 2618 731 2684 dram
752 2618 865 2700 soz
905 2618 1140 2704 anezqff
1176 2618 1331 2704 (leg.
1360 2617 1578 2683 aneze?
1619 2640 1751 2683 non
1789 2616 1912 2683 fuit
1951 2616 2105 2683 mihi
2149 2616 2494 2703 quidquam
2541 2640 2754 2683 eorum
2798 2638 2914 2703 per
2956 2616 3144 2682 fidem

242 2720 453 2805 meam)
502 2722 644 2802 158,
684 2722 745 2785 9.
808 2743 894 2784 an
946 2720 1276 2807 drouquiez
1316 2741 1500 2785 aneze
1552 2718 1831 2804 (malitia
1884 2718 2131 2803 eorum)
2177 2717 2316 2784 MJ.
2359 2720 2440 2783 22
2456 2719 2518 2786 b.
2609 2717 2990 2804 congruunt
3029 2718 3143 2785 ho-

240 2819 475 2888 diernae
525 2821 791 2889 formae:
860 2823 1203 2888 ao’hanoun
1257 2822 1441 2907 (ven.
1490 2820 1793 2886 ae’hanon
1808 2820 1867 2905 ),
1923 2820 2228 2886 ac’hanod
2270 2819 2705 2905 (ao’hanoud),
2763 2820 3142 2907 ac’ltanomp,

242 2922 604 3009 ac’hanoe’la,
662 2936 885 2992 contra
936 2926 1209 2991 anezlaafi
1249 2925 1431 3011 (trec.
1473 2946 1731 3009 coi-nug.
1774 2922 2043 3004 amhae,
2090 2944 2234 2988 ven.
2266 2922 2530 3007 anekofi)
2545 2974 2562 3005 ,
2623 2922 2842 2986 anethi
2879 2922 3143 3009 (auehi),

244 3026 449 3089 unezlav
477 3024 749 3111 (auehe).
817 3024 877 3091 E
904 3027 1115 3115 priore
1142 3026 1347 3093 forma
1372 3026 1627 3092 adverb.
1660 3046 1915 3112 quoque
1943 3024 2156 3111 prodit
2181 3024 2423 3089 ahanen
2454 3023 2652 3108 (hinc,
2687 3046 2765 3090 ex
2795 3022 2920 3091 hoc
2947 3025 3142 3109 loco),

242 3125 313 3189 de
340 3148 459 3213 quo
487 3148 684 3214 supra
724 3129 818 3215 (p.
850 3126 1024 3210 620).

393 3229 637 3297 Eadem
690 3229 1085 3317 praepositio
1138 3230 1397 3317 saepius
1442 3228 1845 3315 subiungitur
1889 3226 2346 3316 praepositioni
2403 3226 2540 3293 sive
2584 3226 2888 3294 adverbio
2929 3224 3142 3311 EUX,

244 3350 359 3415 qua
395 3329 665 3399 formula
706 3331 841 3417 (em
883 3356 924 3396 α
964 3328 1161 3415 Man„
1207 3335 1317 3397 οὐκ
1362 3357 1405 3397 a
1444 3330 1626 3417 Leg.,
1670 3354 1744 3395 ue
1788 3355 1827 3394 a
1867 3329 2094 3415 Dum.)
2137 3328 2446 3395 hodierna
2487 3352 2740 3417 quoque
2768 3330 2990 3415 lingua
3031 3352 3142 3415 ge·

244 3433 507 3499 netivum
554 3434 902 3523 significat:
960 3456 1079 3499 eux
1120 3458 1160 3499 a
1205 3432 1367 3497 breiz
1408 3433 1476 3519 (e
1517 3432 1882 3516 Britannia)
1925 3432 2088 3498 Buh.
2119 3433 2179 3515 8,
2216 3435 2312 3499 16.
2383 3454 2450 3496 eo
2487 3432 2658 3519 qoall
2697 3454 2898 3520 compe
2937 3446 3146 3519 eotony

242 3556 349 3599 eua-
385 3562 425 3600 a
465 3537 724 3624 Ru’yoall
780 3536 915 3621 (est
954 3536 1193 3603 malum
1236 3536 1450 3603 dicere
1490 3536 1723 3603 falsum
1767 3536 1845 3601 de
1886 3533 2000 3619 R.)
2041 3536 2178 3617 166,
2211 3536 2312 3600 20.
2382 3558 2500 3601 eux
2553 3560 2594 3601 α
2639 3538 2800 3601 dour
2850 3535 3006 3599 erint
3049 3536 3146 3599 di-

239 3640 481 3720 semis
520 3639 723 3727 (aqua
766 3650 915 3707 sunt
954 3636 1219 3727 privati)
1268 3639 1406 3720 190,
1451 3639 1553 3704 27.
1651 3636 1813 3706 Cum
1858 3636 2153 3702 articulo:
2215 3660 2335 3702 ena·
2377 3662 2462 3703 an
2517 3638 2622 3702 bro
2665 3660 2813 3701 man
2869 3636 2982 3721 (ex
3023 3636 3146 3702 hac

244 3742 515 3827 regione)
558 3744 619 3825 6,
651 3744 711 3809 5.
800 3741 1062 3810 Omissa
1102 3740 1579 3828 praepositione
1622 3764 1691 3805 a:
1746 3761 1885 3803 nem
1927 3738 2032 3803 boe
2073 3750 2248 3803 netra
2290 3762 2408 3805 eux
2460 3762 2491 3804 e
2531 3740 2759 3805 madon
2812 3739 2974 3822 (non
3025 3737 3148 3803 fuit

248 3842 385 3908 mihi
428 3843 773 3931 quidquam
816 3868 855 3911 e
897 3844 1084 3912 bonis
1130 3841 1287 3925 eius,
1332 3844 1639 3910 bonorum
1682 3840 1851 3925 eius)
1904 3840 2039 3922 170,
2073 3841 2130 3906 3.

394 3944 521 4011 AB
563 3946 725 4032 (hib.
772 3947 879 4031 ar)
926 3945 1317 4013 cambrice
1372 3945 1441 4009 in
1492 3942 1948 4011 vetustioribus
1999 3949 2240 4007 tantum
2293 3942 2475 4009 libris
2531 3952 2604 4008 ut
2641 3941 2847 4011 Land.
2893 3950 3148 4009 servata

246 4044 349 4113 hac
397 4049 597 4116 forma
642 4050 1005 4137 disparatur
1056 4070 1095 4113 a
1132 4068 1353 4134 praep.
1391 4070 1557 4134 yuar
1610 4044 1823 4132 (quor,
1870 4066 2042 4112 corn.
2089 4066 2277 4110 arem.
2325 4067 2490 4128 war,
2547 4066 2660 4109 oar
2710 4074 2774 4100 =
2816 4044 2946 4113 hib.
2975 4046 3144 4130 for),

246 4163 449 4235 postea
506 4164 775 4239 utraque
825 4148 1197 4240 permisceri
1252 4149 1417 4215 solet
1475 4148 1641 4215 sicut
1696 4147 1956 4213 eaedem
2007 4146 2514 4233 praepositiones
2568 4147 2636 4211 in
2679 4146 2810 4213 hib.
2855 4147 3004 4213 hod.
3049 4168 3144 4211 ar.

246 4250 439 4333 Quare
484 4252 775 4339 exempla
813 4251 1003 4318 huius
1044 4250 1283 4317 formae
1328 4272 1363 4315 e
1405 4248 1579 4316 Mab.
1623 4249 1787 4314 infra
1828 4248 2241 4335 proferentur.

391 4355 707 4443 Exempla
750 4362 1039 4421 servatae
1081 4351 1378 4440 propriae
1421 4351 1908 4439 significationis
1953 4350 2180 4417 localis
2225 4372 2261 4415 e
2304 4350 2468 4416 libro
2495 4349 2731 4416 Laud..
2775 4352 2840 4414 ir
2865 4350 3032 4434 sord
3068 4373 3147 4414 ar

248 4460 407 4543 trudi,
448 4460 514 4523 ir
550 4460 643 4524 rit
684 4479 763 4524 ar
804 4456 985 4539 erodi,
1029 4458 1116 4520 rit
1156 4456 1362 4541 iyuein
1404 4475 1483 4520 ar
1525 4454 1691 4518 brodi
1731 4453 1886 4540 (via,
1931 4453 2162 4519 vadum
2205 4452 2287 4518 ad
2340 4452 2474 4537 Τι·.,
2522 4453 2751 4519 vadum
2791 4451 2846 4521 I.
2893 4453 2974 4518 ad
3017 4450 3148 4535 Tr.,

248 4558 515 4647 fiuvium)
563 4561 705 4626 192.
736 4559 881 4625 218.
924 4578 1094 4645 penu
1135 4558 1197 4619 ir
1236 4556 1428 4621 claud
1467 4576 1547 4620 ao·
1586 4558 1718 4621 uice
1771 4556 2051 4642 (initium
2091 4540 2306 4621 fossae
2349 4555 2430 4621 ad
2473 4554 2716 4640 Iscam)
2763 4554 2910 4619 216.
3001 4552 3148 4619 Mu-

249 4670 395 4731 tatae
436 4660 930 4752 significationis
974 4658 1333 4746 exemplum
1376 4680 1413 4724 e
1451 4657 1666 4725 Mab..
1734 4680 1847 4744 πρε
1887 4678 1965 4745 ry
2005 4658 2078 4743 ιγ’
2108 4680 2175 4723 oe
2215 4658 2342 4722 uod
2389 4678 2508 4721 nac
2559 4676 2637 4719 ar
2674 4657 2863 4721 werth
2905 4680 3026 4722 nac
3061 4678 3149 4743 yn

250 4767 354 4831 rad
390 4766 553 4850 (non
598 4762 777 4831 dabit
814 4764 875 4829 is
922 4786 1082 4845 eum,
1129 4759 1423 4847 gladium,
1471 4769 1700 4848 sponte
1742 4782 1864 4826 nec
1905 4760 2111 4847 pretio
2155 4781 2276 4825 nec
2318 4770 2390 4823 ut
2433 4758 2701 4843 donum)
2746 4759 2804 4841 2,
2838 4759 2980 4823 227.

391 4866 777 4955 Plerumque
820 4874 1035 4931 tamen
1076 4862 1589 4952 praepositiones
1632 4862 1864 4928 latinas
1891 4874 2163 4949 propter,
2195 4884 2334 4947 per,
2375 4882 2492 4948 pro
2535 4861 2897 4946 significare
2941 4861 3152 4928 solent

256 4970 523 5057 propriae
552 4969 794 5036 formae
822 4968 1177 5037 cambricae
1204 4965 1321 5032 ER
1363 4964 1656 5050 (vulgata
1680 4963 1881 5030 forma
1906 4963 2090 5050 hod.)
2136 4972 2200 5030 et
2225 4962 2368 5045 YR,
2407 4962 2707 5049 frequens
2749 4963 2818 5028 in
2861 4962 3036 5030 Mab.

394 5072 543 5140 ER:
600 5074 839 5159 meneyi
874 5092 919 5157 y
963 5070 1189 5136 arthur
1228 5089 1365 5133 mae
1404 5069 1499 5132 ‘mi
1536 5067 1643 5133 ath
1683 5058 1966 5153 vyvywye
2006 5088 2076 5131 er
2115 5066 2386 5153 enryded
2421 5065 2839 5153 ffloaesanaeth
2879 5066 3046 5130 idaw
3087 5066 3160 5147 cf

258 5170 467 5255 (dicere
497 5174 805 5258 Arthm-o,
850 5174 1067 5255 debes,
1112 5194 1257 5239 esse
1300 5194 1399 5237 me
1444 5169 1553 5256 qui
1584 5169 1841 5235 vicerim
1885 5178 1948 5236 te
1979 5178 2238 5257 propter
2279 5167 2585 5237 honorem
2617 5167 2864 5233 servitii
2909 5167 3148 5253 ipsius)
