3717 5642
965 1669 1436 1806 LIBER
1512 1674 2278 1824 QUINTUS.

603 2103 620 2112 ”
725 2111 860 2196 DE
905 2097 1598 2200 DERIVATIONE
1647 2115 1780 2200 ET
1829 2113 2597 2210 COMPOSITIONE.

339 2325 636 2393 Themata
661 2325 852 2406 nuda,
897 2325 1072 2390 omni
1099 2325 1376 2394 flexione
1408 2335 1474 2394 et
1502 2327 1899 2394 derivatione
1942 2326 2271 2408 destituta,
2318 2349 2517 2394 sensu
2558 2337 2773 2396 tamen
2818 2332 3091 2416 quodam

191 2429 478 2514 praedita,
533 2449 697 2514 quae
739 2427 1024 2494 radicum
1066 2429 1322 2496 nomine
1363 2427 1650 2494 feruntur
1691 2438 1917 2516 utpote
1960 2429 2279 2495 elementa
2317 2429 2800 2514 vocabulorum,
2856 2433 3087 2520 quibus

191 2531 370 2598 omnis
405 2531 626 2616 lingua
667 2537 936 2612 constat,
982 2529 1051 2595 in
1079 2530 1327 2597 celticis
1369 2531 1607 2617 linguis
1655 2533 1822 2599 sicut
1859 2533 1930 2597 in
1958 2531 2189 2602 ceteris
2234 2531 2445 2598 aricae
2488 2533 2711 2620 stirpis
2758 2544 2911 2599 sunt
2949 2557 3085 2600 mo-

193 2631 514 2717 nosyllaba.
599 2631 936 2698 Eiusmodi
981 2631 1265 2718 syllabae
1305 2633 1622 2700 radicales
1666 2656 1809 2701 cum
1853 2633 2186 2700 vocalibus
2226 2634 2389 2720 ipsis
2432 2655 2548 2721 per
2592 2655 2665 2702 se
2706 2635 3084 2720 efficiuntur,

189 2745 300 2798 tum
339 2733 784 2802 accedentibus
829 2733 910 2800 ab
959 2733 1258 2800 alterutro
1302 2733 1502 2802 latere
1562 2734 1666 2802 vel
1711 2737 1790 2802 ab
1835 2745 2104 2822 utroque
2150 2737 2451 2804 consonis
2508 2745 2617 2805 aut
2660 2737 2931 2824 singulis
2979 2749 3090 2804 aut

190 2836 419 2903 conexis
465 2836 635 2906 binis
653 2885 670 2916 ‚
739 2842 810 2900 ut
851 2835 920 2900 in
964 2835 1251 2922 plurimis
1293 2836 1652 2920 radicibus,
1697 2838 1800 2904 vel
1837 2839 2071 2920 ternis,
2134 2861 2298 2926 quae
2338 2839 2407 2904 in
2451 2837 2859 2926 paucioribus
2901 2841 3085 2908 inve·

185 2938 432 3004 niuntnr.
515 2937 827 3004 Radicum
871 2936 1065 3024 igitur
1107 2937 1228 3002 hae
1274 2937 1552 3004 discerni
1595 2950 1871 3026 possunt
1908 2939 2215 3008 formulae
2257 2939 2362 3007 vel
2405 2939 2683 3026 species:

329 3039 379 3106 I.
465 3039 746 3106 Radices
811 3037 968 3106 solis
1034 3037 1366 3106 vocalibus
1433 3041 1854 3108 constitutae:
1919 3041 1949 3103 i
1998 3042 2185 3128 (ire),
2252 3069 2328 3124 a,
2384 3043 2413 3104 i
2464 3042 2683 3128 (pron.
2744 3043 2803 3109 3.
2848 3043 3088 3129 pers.)

185 3141 258 3208 Π.
305 3141 580 3228 Singulis
625 3141 929 3209 consonis
972 3141 1340 3208 inchoatae:
1387 3141 1465 3208 ba
1495 3142 1738 3228 (mori),
1786 3143 1867 3208 bu
1898 3143 2127 3229 (esse),
2174 3153 2240 3208 tu
2270 3141 2516 3228 (pron.)
2562 3152 2682 3210 etc.
2768 3143 2893 3210 ΠΙ.
2942 3142 3091 3213 Sin-

185 3244 330 3330 gulis
365 3244 668 3312 consonis
709 3243 1114 3310 terminatae:
1162 3242 1228 3308 al
1268 3243 1519 3329 (alere),
1565 3267 1646 3331 aq
1689 3244 1971 3330 (timere)
2018 3255 2136 3312 etc.
2224 3243 2339 3311 Iv.
2387 3241 2675 3331 Singulis
2722 3255 2788 3312 et
2826 3244 3089 3312 inchoa-

185 3359 272 3412 tae
319 3357 374 3412 et
415 3346 816 3412 terminatae:
891 3343 992 3409 ber
1048 3342 1273 3429 (ferre)
1288 3394 1305 3427 ,
1359 3365 1482 3430 yar
1525 3346 1847 3431 (vocare),
1909 3369 2025 3412 can
2070 3345 2362 3431 (canere)
2376 3395 2395 3427 ,
2457 3356 2551 3411 ret
2590 3345 2907 3432 (currere)
2965 3357 3085 3415 etc.

186 3445 252 3512 V.
295 3447 470 3514 Binis
513 3445 818 3513 consonis
865 3445 1201 3512 inchoatae
1244 3455 1316 3510 ut
1357 3450 1443 3512 tm·
1465 3445 1678 3531 (tres).
1764 3447 1880 3513 VI.
1924 3447 2111 3514 Binis
2154 3449 2561 3514 terminatae:
2608 3447 2723 3514 arb
2753 3446 3087 3535 (tradere),

187 3572 284 3634 ary
321 3548 644 3634 (caedere)
693 3557 812 3614 etc.
901 3547 1052 3614 VII.
1117 3544 1304 3614 Binis
1347 3547 1684 3615 inchoatae
1736 3549 1804 3614 in
1849 3551 2137 3635 singulas
2181 3549 2549 3614 desinentes
2565 3599 2583 3631 ,
2642 3558 2710 3614 ut
2750 3561 2879 3614 oret
2920 3551 3089 3635 (cre-

191 3649 377 3736 dere),
421 3651 578 3738 braq
616 3648 947 3736 (pedere),
990 3649 1106 3736 oley
1151 3649 1444 3735 (linere),
1489 3673 1630 3716 coar
1673 3649 2057 3739 (separare).
2146 3649 2329 3716 VIII.
2390 3647 2677 3736 Singulis
2730 3651 3086 3735 inchoatae,

190 3751 335 3817 binis
361 3752 766 3820 terminatae:
811 3772 953 3837 very
982 3748 1318 3837 (efficere),
1361 3753 1489 3818 vole
1518 3751 1961 3838 (humectare),
2006 3751 2139 3816 delv
2182 3750 2484 3837 (fingere)
2525 3761 2645 3817 etc.
2742 3751 2857 3819 IX.
2900 3753 3089 3820 Binis

187 3863 239 3920 et
261 3855 582 3922 inchoatae
626 3863 692 3920 et
721 3853 1109 3936 terminatae,
1155 3862 1226 3920 ut
1253 3855 1458 3932 claud,
1495 3853 1679 3940 plant
1708 3853 2007 3938 (serere),
2050 3854 2235 3918 &lund
2262 3851 2709 3939 (significare).
2796 3854 2885 3922 X.
2931 3853 3091 3922 Ter-

185 3956 270 4020 m's
319 3955 618 4023 consonis
678 3955 1044 4036 inchoatae,
1103 3955 1373 4042 singulis
1413 3955 1664 4036 finitae,
1719 3956 1901 4022 cuius
1942 3955 2185 4042 speciei
2228 3964 2379 4022 sunt
2428 3953 2539 4020 lat.
2580 3966 2812 4041 strepa,
2868 3957 3085 4039 sto-2110,

188 4058 542 4142 paucissima
583 4057 882 4145 exempla
923 4056 1152 4124 celtica
1190 4067 1444 4144 praeter
1501 4065 1901 4144 transumpta
1954 4065 2025 4121 ut
2065 4055 2225 4120 scrib
2278 4056 2643 4140 (scribere).
2745 4057 3081 4124 Eiusmodi

188 4182 312 4225 vero
347 4160 602 4226 radices
643 4159 752 4226 vel
793 4157 1030 4226 latinae
1071 4181 1254 4226 rarae
1297 4167 1464 4240 sunt,
1512 4180 1674 4245 quae
1715 4157 2033 4244 incipiant
2075 4180 2117 4222 a
2154 4159 2383 4240 ternis,
2441 4157 2741 4224 desinant
2777 4159 2849 4224 in
2889 4159 3079 4226 binas

191 4283 492 4344 consonas,
537 4271 610 4326 ut
649 4259 756 4326 lat.
787 4261 1087 4348 splendeo,
1129 4263 1380 4347 etv-inqo,
1427 4269 1490 4326 et
1518 4260 1626 4326 vix
1667 4259 1960 4326 invenias
2004 4260 2197 4326 ullam
2223 4260 2625 4326 terminatam
2652 4259 2890 4340 tribus;
2934 4282 3083 4324 nam

189 4383 348 4446 genn.
391 4385 646 4451 qnoque
687 4361 857 4426 ber-ht
898 4363 1058 4448 (got.
1103 4361 1336 4444 bairht,
1385 4363 1622 4445 clarus,
1667 4383 1942 4449 quocum
1982 4359 2247 4427 forsitan
2290 4360 2562 4427 conferri
2604 4359 2815 4447 possit
2854 4382 3089 4426 nomen

191 4474 474 4531 vetustum
516 4463 828 4529 Bure-tuom·
865 4461 1021 4532 Tab.
1053 4461 1259 4546 Peutl
1299 4463 1456 4532 alibi
1497 4463 2041 4530 accommodatum
2085 4463 2180 4528 ori
2222 4485 2481 4528 romano
2528 4461 2877 4547 Bructeri),
2924 4463 3089 4526 tenhz

190 4564 266 4647 (in
297 4567 548 4634 nomine
590 4574 843 4632 vetusto
877 4563 1190 4650 Tenem)
1230 4566 1446 4653 potius
1493 4565 1778 4632 derivata
1819 4563 2097 4631 themata
2140 4573 2289 4630 sunt
2316 4563 2617 4630 habenda
2658 4585 2849 4650 quam
2892 4584 3085 4629 verae

191 4667 419 4734 radices.
492 4665 712 4749 Quare
739 4666 941 4733 multo
982 4667 1194 4734 minus
1229 4667 1662 4755 expectandae
1693 4677 1843 4732 sunt
1884 4665 2135 4732 radices
2162 4666 2352 4732 fictae
2386 4665 2732 4731 secundum
2760 4665 3087 4748 formulas,

193 4789 317 4852 quas
351 4793 546 4858 porro
591 4776 962 4836 construere
1002 4769 1216 4856 possis
1231 4819 1248 4851 ,
1304 4767 1682 4850 SOERGT,
1729 4764 2131 4836 SGRERGT
2152 4815 2171 4848 ‚
2230 4766 2287 4832 si
2330 4788 2648 4833 consonas
2692 4765 3081 4852 principales

193 4865 288 4952 SC,
327 4869 516 4954 SUB,
559 4870 931 4937 terminales
971 4869 1144 4938 ROT
1191 4880 1453 4938 statuas.

324 4971 598 5039 Omnem
641 4971 893 5038 illarum
933 4971 1216 5038 radicum
1268 4973 1518 5061 copiam
1563 4969 1865 5057 colligere
1928 4978 1993 5036 et
2031 4992 2148 5056 per
2193 4972 2403 5037 varias
2450 4971 2703 5056 species
2748 4967 3089 5035 vocabulo-

191 5093 298 5138 rum
335 5073 734 5161 singulorum
777 5073 1056 5160 origines
1099 5083 1166 5141 et
1203 5073 1702 5161 propagationes
1749 5071 2079 5157 indagare,
2126 5071 2318 5138 lexici
2360 5072 2531 5139 haud
2574 5071 2767 5139 dubie
2798 5080 2915 5154 est,
2957 5093 3089 5137 non

193 5177 618 5260 grammatices,
659 5197 824 5262 quae
865 5174 1080 5262 potius
1122 5175 1410 5263 pluribus
1453 5173 1816 5243 communia
1857 5173 2178 5242 observat.
