3717 5642
585 385 666 454 V.
713 389 768 454 l.
835 399 1202 454 namu-rm
1245 395 1534 453 astuci
1577 397 1665 450 m·
1707 397 2077 450 umanum
2120 399 2553 453 seminum.
2617 387 2759 448 ιω.
2784 387 2905 448 746)
2969 383 3095 450 783

191 591 323 652 yma
377 568 680 652 (aecum.
721 567 1074 654 Britanno,
1144 562 1400 648 Τάμεια
1467 568 1714 656 (oppid.
1757 567 1951 652 Brit.)
2006 567 2173 638 Ptol.
2254 569 2496 639 Arbeia
2554 567 2773 655 (Brit.)
2792 619 2813 651 ‚
2870 567 3097 644 Veleia

193 669 394 756 (Gan.)
437 671 638 736 Notit.
685 671 862 757 dign.
909 670 1150 752 Celeia,
1191 669 1469 738 Matreia
1509 670 1686 752 Itin.;
1731 693 1935 756 comp.
1962 669 2052 755 (Ρ)
2095 669 2440 736 Deiotarus
2473 668 2663 738 Caes.
2697 669 2836 740 Cic.
2894 667 3091 756 Apud

191 773 503 858 scriptores
549 771 697 840 hist.
743 775 910 860 Aug.
957 773 1144 840 etiam
1189 772 1373 858 plura
1415 772 1713 858 gallicam
1757 771 2065 856 originem
2112 773 2465 859 prodentia,
2513 781 2583 839 ut
2624 771 2877 852 Ateius,
2923 769 3091 838 Coc-

188 875 354 956 ceius,
395 873 818 958 Egnatuleius
863 883 984 940 etc.
1069 873 1174 944 Ex
1217 873 1742 959 inscriptionibus
1785 873 2043 943 nomina
2086 875 2359 942 virorum
2406 885 2471 943 et
2498 873 2903 948 feminarum:
2948 869 3091 946 Ma-

189 976 324 1042 leius
365 974 545 1042 Grut.
581 977 727 1057 878,
759 976 820 1040 8.
885 976 1080 1046 Ataia
1109 973 1292 1043 Grut.
1325 975 1472 1056 742,
1506 976 1565 1040 3.
1629 974 1953 1056 Maurusia,
2000 975 2233 1050 Loreia
2274 973 2507 1043 Mutat.
2544 976 2682 1054 174,
2716 975 2775 1050 2.
2846 971 3083 1057 Segeia

185 1077 310 1142 ibid.
345 1078 522 1158 1276,
557 1079 616 1144 s.
685 1075 917 1144 careia
959 1063 1279 1146 carei‘ffl.
1327 1075 1508 1144 Grut.
1539 1077 1683 1157 428,
1717 1079 1773 1145 9.
1822 1077 1968 1159 468,
1999 1079 2057 1142 6.
2130 1075 2409 1147 Verbeia
2432 1074 2616 1160 (dea)
2664 1073 3079 1142 Orel1.2061.

185 1177 494 1264 Pompeius
541 1177 821 1248 Catussa
863 1175 1270 1264 (Sequanus)
1317 1175 1514 1244 Orell.
1546 1179 1740 1259 4803;
1795 1201 1941 1244 cum
1983 1177 2317 1264 multiplici
2363 1177 2782 1245 derivatione:
2842 1174 3079 1245 Farau-

189 1281 288 1348 leia
325 1281 526 1350 Stein.
575 1281 720 1345 799.
797 1277 1130 1348 Sidonieia
1183 1277 1365 1346 Grut.
1413 1279 1554 1360 736,
1600 1281 1658 1344 2.
1749 1279 2030 1350 Nomina
2084 1280 2367 1348 locorum
2422 1278 2781 1356 recentiora
2846 1298 2883 1350 ρ
2929 1275 3080 1362 dipl.

185 1381 426 1448 Mabill.:
491 1382 784 1462 Ateium,
833 1378 1108 1460 Oleium,
1140 1377 1467 1461 'Lineium,
1514 1379 1843 1461 Mox-cium,
1888 1379 2220 1461 Milleium,
2268 1377 2640 1452 Berneium.
2691 1379 3083 1456 Areuceium

189 1497 280 1550 etc.
347 1483 568 1570 Alteja
609 1482 854 1567 (fluv.),
923 1479 1200 1566 Corbeja
1243 1480 1576 1566 (monast.)
1635 1481 1800 1548 Boll.
1901 1481 2285 1550 Productam
2330 1481 2366 1544 ὅ
2416 1477 2607 1547 huius
2666 1478 3081 1556 derivationis

187 1585 372 1652 testari
413 1584 714 1652 videntur
757 1581 1078 1650 cambrica
1131 1592 1196 1648 et
1237 1583 1585 1650 aremorica
1640 1583 1899 1650 nomina
1954 1583 2314 1670 frequentia
2356 1580 2718 1648 desinentia
2772 1581 2839 1649 in
2882 1603 2943 1660 e,
2994 1584 3081 1660 ui,

187 1707 238 1748 oe
272 1685 356 1768 (=
377 1685 432 1767 ὅ,
477 1707 588 1772 pp.
621 1687 720 1750 96.
754 1684 888 1770 98).
963 1681 1128 1752 Sunt
1159 1684 1350 1750 etiam
1391 1683 1460 1750 in
1487 1683 2043 1770 inscriptionibus:
2089 1683 2295 1752 Dome
2326 1683 2417 1768 (=
2455 1682 2767 1750 Domeius
2782 1681 2843 1766 Ρ)
2876 1680 3079 1755 Smin,

187 1785 266 1850 68.
324 1784 638 1873 Talluppc
683 1785 884 1856 Stein.
937 1785 1076 1850 184.
1164 1787 1266 1850 Ac
1309 1795 1458 1852 sunt
1499 1784 1818 1853 cambi-ica
1872 1785 1939 1850 in
1982 1788 2069 1850 -ei
2120 1784 2480 1855 desinentia
2534 1806 2663 1861 non
2710 1783 2917 1862 solum
2970 1806 3079 1849 ve-

181 1895 350 1968 tusta,
405 1887 522 1952 sed
575 1887 770 1954 etiam
823 1886 1130 1954 hodierna
1185 1885 1296 1970 (cf.
1343 1887 1540 1954 deriv.
1587 1885 1792 1969 brit),
1851 1885 2083 1972 quibus
2137 1897 2209 1952 ut
2252 1886 2397 1956 aliis
2440 1909 2475 1950 v
2531 1885 2751 1959 subest
2776 1884 2820 1968 j
2864 1885 3079 1956 finalis

179 1985 255 2071 (p.
291 1987 450 2068 127).
537 1986 924 2076 separamus
965 2000 1172 2056 autem
1218 1988 1496 2058 Correus
1531 1985 1718 2057 Caes.
1797 1983 2199 2064 Ουιλλωιευς
2246 1987 2443 2054 [nscr.
2492 1986 2587 2074 (p.
2622 1985 2785 2071 763)
2840 1987 2989 2055 sine'
3018 1987 3075 2069 j.

317 2087 444 2154 OJ-
489 2087 650 2174 (01)
707 2091 912 2158 rarius
957 2090 1310 2172 invenitur,
1365 2089 1678 2159 interdum
1718 2087 1992 2154 fortasse
2036 2089 2117 2154 ab
2163 2093 2325 2176 -oyi-
2368 2089 2717 2176 profectum
2794 2087 2886 2174 (p.
2929 2089 3075 2176 48):

185 2187 362 2272 Soius,
409 2187 562 2258 Soio
583 2242 600 2272 ,
645 2189 842 2260 Boius
887 2213 1032 2258 cum
1077 2213 1279 2278 comp.
1323 2190 1682 2272 Boiocalus,
1733 2187 2137 2272 Boiodurum,
2186 2190 2458 2276 Boiorix,
2504 2189 3073 2276 Comboiomarus3

178 2288 391 2374 Koiios,
436 2290 636 2374 Seno,
683 2290 1002 2378 Boiiori13
1045 2294 1481 2381 multipliciter
1509 2293 1895 2362 derivatum:
1942 2291 2281 2368 Anteloius
2311 2289 2537 2377 (Beitr.
2568 2289 2692 2372 HI.
2731 2295 2869 2361 197.
2894 2293 3071 2378 200).

317 2595 844 2668 Hiber-nicam
887 2597 934 2664 J
973 2621 1294 2686 nusquam
1337 2609 1654 2674 servatam
1703 2617 1850 2664 esse
1894 2617 2092 2682 supra
2133 2595 2227 2682 (p.
2258 2595 2375 2680 48)
2419 2595 2913 2674 demonem-atum
2956 2609 3073 2663 est.

175 2693 360 2777 Quare
399 2721 562 2786 quae
592 2699 858 2768 nomina
897 2701 1302 2768 substantiva
1342 2701 1448 2768 vel
1469 2699 1807 2784 ‚adiectiva
1848 2695 1919 2760 in
1948 2717 2009 2762 -e
2050 2695 2349 2764 exeuntia
2376 2697 2588 2782 potius
2632 2697 2713 2774 ad
2741 2698 3073 2784 pristinam

175 2801 652 2868 terminationem
693 2803 832 2868 -aia
869 2799 980 2868 vel
1019 2803 1144 2866 -eia
1191 2824 1378 2888 quam
1422 2802 1504 2870 ad
1546 2805 1642 2866 -z'a
1684 2799 1969 2879 redeant,
2016 2797 2225 2865 adhuc
2268 2796 2547 2863 discerni
2589 2799 2827 2884 nequit.
2900 2799 3072 2880 Con-

175 2899 438 2968 ferendae
479 2912 696 2968 tamen
739 2911 892 2970 sunt
931 2901 1170 2970 formae
1213 2903 1424 2970 iudeib
1467 2900 1812 2987 (Iudaeis),
1857 2901 2069 2981 iudea,
2113 2900 2325 2969 iudeiu
2351 2897 2691 2984 (Iudaeos)
2734 2899 2884 2971 Wb.
2928 2923 3069 2967 eum

173 3001 500 3072 nominibus
545 3003 800 3090 gallicis
843 3026 1042 3090 supra
1081 3003 1312 3071 allatis.

315 3305 370 3374 V
408 3309 710 3378 derivans
753 3321 904 3398 post
945 3333 1262 3381 consonas
1327 3323 1398 3378 ut
1437 3311 1506 3376 in
1548 3309 1951 3378 substantivo
1994 3308 2229 3396 gallico
2272 3321 2473 3374 tar-vos
2514 3309 2797 3396 (taurus)
2840 3311 3065 3394 Inscr„

171 3407 224 3472 in
249 3410 597 3478 nominibus
625 3411 868 3492 Helvii,
897 3411 1206 3494 Helvetii,
1235 3413 1478 3494 Nervii,
1523 3413 1820 3494 Arverni,
1866 3414 1958 3478 ita
1982 3411 2251 3478 forsitan
2293 3411 2361 3476 in
2392 3411 2537 3476 aliis
2568 3433 2761 3496 supra
2784 3413 2883 3499 (p.
2912 3416 3064 3499 764)

178 3511 276 3576 sab
329 3537 372 3576 a
409 3513 726 3600 appositis
780 3514 866 3579 sit
909 3515 1260 3580 statuenda.
1347 3515 1589 3581 Eadem
1644 3515 1710 3580 in
1755 3515 2028 3582 vetustis
2070 3512 2433 3578 nominibus
2472 3513 2725 3598 gallicis
2780 3523 2879 3592 vs!
2936 3516 3063 3582 bri-

177 3614 422 3680 tannicis
465 3637 604 3680 eum
637 3615 930 3682 omnibns
961 3615 1290 3682 vocalibus
1319 3617 1658 3682 invenitur.
1717 3615 1911 3684 AV·:
1957 3615 2253 3696 Vellavii,
2296 3615 2685 3694 Litaviccus,
2718 3614 3062 3682 Convicto-

179 3711 364 3782 litavis
423 3716 614 3784 Caes.
703 3717 764 3777 Κ
771 3711 1110 3802 οριιαοίτοι
1171 3717 1350 3806 (pop.
1393 3717 1586 3802 Brit.)
1637 3717 1804 3784 Ptol.
1888 3717 2161 3785 Genava
2209 3717 2295 3802 sq.
2369 3715 2713 3798 Iuvavum,
2774 3719 3059 3800 Ausava,

173 3811 460 3899 Massava,
503 3818 838 3900 Nemavia,
887 3815 1167 3885 Vosavia
1209 3818 1360 3903 (loc.
1391 3819 1628 3902 Noric„
1673 3817 2015 3902 Vindelic„
2046 3817 2249 3901 Gall.)
2282 3815 2441 3884 Tab.
2471 3816 2547 3883 P.
2612 3815 2866 3896 Galava
2904 3819 3059 3904 (loc.
3172 3846 3177 3850 ·

67 3947 69 3952 ·
175 3911 332 4002 Brit.)
371 3917 519 3984 ltin.
561 3921 719 3984 Ant.
793 3918 1050 3986 Lacavo
1095 3919 1278 4004 (deo)
1321 3919 1524 3986 Inser.
1572 3918 1768 3988 Orell.
1801 3921 1987 3986 2018.
2061 3918 2334 3986 Alavius
2381 3917 2651 3986 Steiner.
2684 3921 2825 3985 870.
2896 3919 3059 3987 Cas-

173 4037 334 4084 savus
377 4019 640 4105 (Glfick.
674 4019 808 4105 85).
891 4019 1228 4106 Segusiavi
1273 4019 1464 4088 Caes.
1509 4021 1712 4086 Inscr.
1778 4020 2117 4088 Vellavum
2160 4018 2544 4085 territorium
2605 4021 2780 4106 (hod.
2824 4021 2885 4088 le
2926 4020 3056 4088 Ve-

171 4115 292 4202 lty)‚
337 4121 604 4188 Vellava
645 4122 798 4187 urbs
843 4119 1038 4208 Greg.
1084 4121 1232 4187 Tur.
1264 4123 1324 4202 4,
1353 4123 1458 4188 4⁷.
1511 4125 1605 4204 10,
1637 4125 1738 4188 25.
1797 4145 2003 4210 pagus
2048 4119 2461 4188 Berravensis
2504 4121 2590 4188 id.
2632 4123 2693 4201 6,
2730 4123 2823 4193 12.
2902 4121 3055 4186 Rio-

171 4237 314 4300 nava,
356 4223 654 4290 Ambava
692 4221 962 4308 Fredeg.
1007 4244 1064 4288 c.
1096 4224 1198 4288 42.
1239 4225 1378 4288 106.
1468 4224 1663 4312 Apud
1707 4233 1933 4312 poetas
1976 4223 2183 4289 vocali
2224 4221 2563 4310 producta:
2608 4222 2879 4298 rhetoris
2908 4221 3057 4296 Pic-

171 4321 352 4405 ssfici,
407 4325 660 4390 Auson.
707 4324 906 4410 epigr.
951 4325 1054 4388 51.
1141 4323 1422 4391 Saravus
1467 4325 1714 4391 Auson.
1783 4325 2069 4408 Mosell.,
2125 4322 2429 4392 Timavus
2487 4323 2707 4392 Sidon.
2806 4323 3055 4400 Eodem

173 4419 278 4486 sine
313 4425 502 4492 dubio
545 4425 828 4511 pertinet
867 4448 982 4489 -au
1025 4424 1092 4488 in
1137 4425 1407 4512 syllabis
1456 4425 1891 4492 derivantibus
1935 4451 2122 4500 aum,
2178 4449 2321 4492 aus·
2366 4435 2517 4508 etat„
2578 4435 2653 4493 ut
2690 4447 2773 4500 ex
2816 4425 3055 4502 Ehwer

173 4523 338 4602 {Redit
375 4523 636 4592 Elauris
682 4525 774 4612 (p.
813 4526 990 4611 779).

297 4623 474 4692 EV·:
515 4626 846 4697 Lutevani
887 4625 1056 4692 Plin.
1089 4627 1148 4708 3,
1178 4629 1240 4692 4.
1305 4626 1572 4710 Luteva,
1615 4627 1865 4694 Loteva
1908 4629 2105 4713 (Gall.
2138 4627 2391 4713 merid.)
2436 4627 2593 4695 Tab.
2624 4626 2697 4694 P.
2772 4626 3053 4712 ‚Sulevis‚

173 4717 496 4826 §flevimus
553 4727 858 4816 Inscript.
911 4725 1109 4796 oren.
1157 4729 1342 4794 2100.
1385 4731 1568 4794 2101.
1665 4729 1911 4798 Caleva
1960 4729 2145 4815 (Brit.
2207 4729 2388 4818 opp.)
2440 4729 2591 4804 ltin.
2649 4731 2833 4812 Ant„
2918 4731 3053 4802 Ka-

175 4821 334 4904 aqmia
377 4827 546 4895 Ptol.

295 4927 436 4996 1V·:
511 4923 950 5014 Οὖεργιούιος
991 4923 1346 5015 (ιῦκεανύςς
1393 4931 1474 4998 cf.
1519 4957 1582 5020 p.
1621 4934 1726 5019 ll)
1770 4933 1935 4998 Ptol.
2004 4933 2283 4999 Suliviae
2326 4932 2671 5004 Idennicae
2716 4931 3049 5008 Minervae

173 5019 322 5195 Iffir.
367 5031 670 5100 Nemans.
727 5032 928 5098 Orell.
973 5034 1158 5100 2051.
1233 5033 1550 5118 Dexsiva,
1607 5034 1923 5102 Dexsivia
1972 5033 2175 5100 Inscr.
2236 5031 2436 5102 Orell.
2482 5036 2663 5107 1988,
2740 5033 3051 5112 Baeivum

175 5125 216 5186 ἴ
311 5131 580 5222 Fredeg.
624 5158 682 5201 c.
719 5135 822 5200 96.
