3717 5642
1305 397 1686 448 russum
1727 395 2083 448 merolus.
2466 376 2655 444 (xm.
2680 377 2875 440 XLIII>
2936 377 3179 446 XXIX

257 571 644 658 pnesertim,
693 569 865 657 quod
897 567 1140 636 codicis
1171 567 1252 632 ad
1283 566 1530 632 litteras
1557 565 2029 651 litterarumque
2072 565 2307 632 formas
2350 589 2497 633 esse
2526 567 2941 634 imitationem
2982 566 3177 632 refer·-

255 691 352 747 ιω·
393 681 504 766 (cf.
539 679 1000 767 praefationem
1031 675 1334 744 editionis
1377 699 1486 762 pp.
1515 673 1799 742 XXVII.
1833 674 2220 760 XXXVII).
2306 676 2447 742 Iam
2476 686 2665 744 antea
2708 677 3015 764 quaedam
3060 699 3177 762 pu·

256 791 486 857 blicata
529 799 712 856 erant
751 791 820 856 in
849 787 1154 875 Dugdalii
1183 785 1544 853 Monastico
1589 785 1925 872 anglicano
1970 783 2215 872 (Savoy
2251 788 2431 869 1673,
2474 795 2621 854 tom.
2646 787 2771 854 ΙΙΙ.
2800 811 2865 875 p.
2900 789 3017 853 188
3050 786 3178 871 sq.)

259 925 292 966 e
333 901 562 968 codice
603 901 768 987 ipso,
817 921 982 986 quae
1027 900 1188 965 bene
1231 895 1624 962 concordant
1666 918 1810 963 cum
1855 896 1978 962 hac
2020 918 2101 963 ex
2146 897 2513 984 apographo
2554 899 2725 965 facta
2766 898 3063 965 editione.

415 1010 744 1098 Inscripta
785 1019 886 1076 est
935 1008 1158 1076 editio:
1221 1000 1384 1074 ‘The
1427 1006 1674 1073 Liber
1713 1006 2301 1089 Laudavensis‚
2350 1007 2543 1094 ngfr
2572 1007 2761 1091 Teilo,
2806 1031 2877 1074 or
2915 1007 3023 1074 the
3066 1029 3179 1072 an-

257 1122 429 1188 cient
469 1120 745 1208 register
789 1119 860 1186 of
895 1119 1004 1184 the
1047 1117 1394 1186 Cathedral
1437 1117 1673 1184 church
1717 1115 1788 1183 of
1823 1114 2137 1198 Llandaff,
2182 1117 2343 1184 from
2386 1117 2582 1186 MSS.
2625 1119 2695 1183 in
2736 1118 2845 1184 the
2886 1117 3179 1184 librar-ies

254 1232 322 1297 of
352 1229 678 1317 Hengwrt
721 1229 849 1296 and
890 1227 960 1295 of
995 1228 1041 1294 J
1043 1249 1196 1294 esus
1239 1229 1504 1314 college,
1551 1227 1824 1295 Oxford:
1872 1225 2025 1292 with
2066 1249 2151 1292 an
2200 1227 2455 1314 english
2489 1228 2869 1296 translation
2912 1227 3038 1294 and
3068 1251 3177 1294 ex-

255 1342 590 1428 planatory
644 1349 861 1422 notes,
918 1340 1005 1424 by
1045 1337 1154 1403 the
1205 1337 1364 1406 Rev.
1411 1337 1515 1404 W.
1569 1337 1634 1404 J.
1677 1336 1899 1403 Rees.
2000 1335 2353 1405 Published
2403 1338 2503 1404 for
2554 1339 2665 1406 the
2708 1337 2939 1406 Welsh
2986 1337 3181 1407 MSS.

255 1453 528 1539 society.
617 1450 1020 1534 Llandovery
1069 1437 1268 1514 1840?

425 1565 488 1628 6.
557 1560 786 1628 Codex
825 1560 1036 1645 legum
1079 1557 1580 1639 Venedotianus,
1623 1557 1937 1624 vetustior
1978 1557 2275 1625 omnibus
2318 1557 2531 1644 legum
2562 1557 2891 1626 codicibus
2934 1557 3045 1645 qui
3074 1580 3185 1624 ex·

263 1682 448 1739 stant.
561 1671 690 1738 Est
747 1669 1145 1738 collectionis
1196 1667 1670 1756 Hengurtensis
1684 1720 1701 1751 ,
1767 1678 2027 1735 notatus
2069 1668 2283 1735 littera
2334 1669 2421 1735 A.
2493 1670 2573 1735 ab
2642 1669 2884 1736 editore
2939 1670 3182 1735 Aneur.

257 1782 520 1866 Oweno,
569 1793 634 1848 et
663 1780 918 1858 saeculo
963 1779 1340 1848 duodecimo
1382 1789 1556 1845 ortus
1599 1801 1746 1846 esse
1789 1779 2043 1846 videtur
2085 1778 2195 1862 (cf.
2226 1779 2422 1864 praef.
2454 1779 2604 1846 edit.
2648 1802 2711 1865 p.
2740 1779 2859 1864 X).
2944 1777 3185 1861 Quam-

255 1894 350 1959 vis
393 1892 663 1958 multum
703 1894 834 1958 iam
877 1913 918 1958 a
957 1891 1306 1956 vetustiore
1347 1889 1606 1976 linguae
1644 1889 2019 1956 formatione
2066 1888 2459 1975 degenerans
2502 1899 2695 1976 atque
2734 1888 2804 1956 in
2830 1889 3185 1956 recentiore

257 2003 469 2070 adhuc
509 2003 798 2070 incertus
839 2001 910 2068 in
949 2000 1240 2087 plurimis
1281 2000 1544 2066 multum
1586 1999 1850 2067 fluctuet
1894 2007 1958 2064 et
2002 1998 2233 2080 variet,
2286 2000 2499 2066 minus
2542 2010 2847 2086 acceptus
2890 2000 3035 2066 ideo
3052 2049 3069 2081 ,
3127 1999 3185 2066 si

255 2113 484 2180 adsunt
526 2113 790 2179 aliunde
827 2111 1110 2194 meliora,
1155 2133 1236 2178 ex
1277 2109 1416 2176 eius
1459 2119 1640 2197 parte
1681 2110 1893 2196 priore
1938 2110 2313 2195 praesertim
2355 2120 2569 2177 tamen
2608 2133 2740 2178 non
2782 2131 2991 2198 pauca
3032 2110 3183 2194 (sub

258 2224 438 2309 signo
477 2221 678 2308 Leg.)
716 2223 948 2288 hausta
991 2229 1140 2288 sunt
1187 2220 1258 2286 in
1297 2220 1422 2286 hoc
1465 2241 1678 2306 opere.

413 2333 668 2419 Legum
713 2333 1200 2414 cambricarum,
1257 2354 1520 2418 quarum
1561 2331 1768 2416 prima
1809 2329 2103 2396 collectio
2146 2297 2443 2396 tribuitur
2493 2332 2629 2416 regi
2674 2330 2945 2397 Howelo
2999 2331 3183 2397 Bono

260 2444 528 2528 (cambr.
574 2441 798 2529 Hywel
837 2443 1009 2525 Dela,
1055 2452 1182 2508 vet.
1225 2441 1513 2530 Hiquel
1495 2465 1564 2506 m
1609 2439 1844 2508 Chron.
1894 2439 2129 2506 cambr.
2172 2441 2417 2507 inserto
2460 2441 2837 2528 praefationi
2880 2441 3183 2507 editionis

259 2555 336 2619 ad
381 2577 440 2620 a.
475 2554 636 2619 950:
720 2545 978 2639 ‘Hiquel
1017 2575 1134 2619 rex
1173 2551 1537 2618 Brittonum
1577 2540 1750 2617 obiit'
1758 2551 1820 2634 )‚
1898 2551 2217 2617 recentior
2270 2550 2469 2631 editio
2520 2551 2757 2638 prodiit
2810 2551 3183 2618 auctoritate

259 2663 590 2730 societatis
642 2661 1050 2749 publicandis
1089 2662 1520 2728 monumentis
1561 2660 1842 2746 Angliae
1881 2659 2207 2728 historicis
2262 2662 2473 2728 dictae
2542 2654 2821 2728 ‘Record
2864 2661 3183 2730 Commis-

255 2762 410 2840 sion'
489 2773 588 2837 ita
623 2770 964 2858 inscripta:
1049 2764 1360 2838 ‘Ancient
1397 2771 1623 2837 Laws
1681 2771 1831 2836 and
1872 2769 2307 2836 Institutes
2364 2771 2434 2838 of
2470 2771 2735 2852 Wales3
2790 2772 3185 2858 comprising

253 2884 406 2949 laws
449 2881 782 2969 supposed
819 2891 888 2946 ιο
932 2882 1014 2948 be
1053 2881 1322 2948 enacted
1363 2881 1450 2966 by
1489 2879 1724 2948 Howel
1759 2880 1873 2947 the
1916 2878 2127 2962 Good,
2170 2881 2470 2948 modified
2512 2883 2599 2970 by
2644 2882 3039 2969 subsequent
3078 2905 3180 2948 re·-

255 2993 578 3078 gulations
621 2991 826 3057 under
865 2992 974 3058 the
1013 2992 1232 3059 native
1271 2991 1528 3077 princes
1571 2991 1745 3077 prior
1795 2998 1863 3056 to
1906 2989 2015 3055 the
2058 3001 2371 3076 conquest
2415 2994 2500 3077 by
2542 2992 2823 3059 Edward
2864 2993 2971 3058 the
3014 2995 3181 3060 first:

253 3102 380 3169 and
421 3101 797 3168 anomalous
837 3101 1019 3184 Laws,
1064 3101 1421 3188 consisting
1463 3101 1846 3189 principally
1890 3100 1961 3166 of
1998 3100 2397 3168 institutione
2442 3103 2653 3170 which
2697 3105 2783 3190 by
2811 3103 2921 3170 the
2950 3112 3185 3168 statute

255 3214 326 3279 of
363 3211 665 3278 Ruddlan
714 3231 882 3276 were
927 3211 1230 3280 admitted
1269 3225 1338 3278 to
1381 3212 1686 3278 continue
1737 3212 1808 3278 in
1853 3211 2049 3278 force.
2136 3211 2319 3279 With
2382 3235 2467 3280 an
2508 3213 2763 3300 english
2802 3213 3185 3280 translation

255 3324 327 3389 of
363 3322 472 3390 the
513 3320 720 3388 welsh
759 3313 1166 3390 text.1841'.
2396 3359 2402 3366 ·

425 3436 490 3498 ’1.
535 3431 766 3502 Codex
803 3432 996 3498 ruber
1037 3431 1498 3519 Hergestensis
1541 3431 1762 3519 (Llyfr
1802 3432 1945 3496 cccli
1986 3453 2023 3496 o
2066 3431 2139 3496 H
2136 3435 2375 3519 erqsst)
2418 3455 2593 3499 nunc
2621 3432 2913 3500 Oxoniae
2954 3433 3185 3500 biblio-

252 3543 480 3610 thecae
521 3541 784 3628 collegii
825 3541 998 3626 Iesu,
1042 3543 1208 3608 inter
1250 3543 1508 3610 codices
1553 3550 1884 3610 servantes
1926 3542 2185 3628 linguae
2223 3540 2663 3611 formationem
2704 3543 2978 3612 mediam
3020 3544 3187 3610 inter

251 3663 578 3720 vetustam
623 3661 690 3718 et
726 3651 1098 3719 hodiem-nam
1137 3652 1328 3720 facile
1371 3652 1700 3742 princeps,
1759 3655 1943 3720 cuius
1986 3661 2163 3718 certa
2200 3653 2423 3739 regula
2474 3655 2542 3718 in
2584 3655 2709 3721 hoc
2754 3677 2945 3742 opere
2987 3654 3186 3741 pluri-

252 3764 374 3830 mis
417 3761 738 3849 exemplis
781 3762 932 3847 (sub
976 3771 1130 3828 nota
1167 3762 1378 3850 Mab.)
1421 3763 1668 3830 munita
1711 3773 1828 3830 est.
1918 3761 2145 3832 Codex
2190 3762 2447 3830 saeculo
2502 3773 2727 3850 quarto
2783 3765 3027 3832 decimo
3072 3765 3185 3830 ad-

249 3873 572 3940 iudicatur
611 3895 654 3938 a
694 3871 980 3938 Turnero
1025 3871 1310 3959 (Vindio.
1353 3868 1418 3959 p.
1449 3875 1562 3960 25)
1608 3883 1676 3940 et
1715 3874 1784 3940 in
1829 3873 2111 3940 editione
2152 3873 2301 3960 ipsa
2344 3872 2661 3958 (Prooem.
2706 3897 2769 3960 p.
2800 3873 3053 3959 XVII).

412 3983 814 4069 Praecipuae
855 3983 1046 4050 huius
1091 3984 1334 4051 codicis
1379 3983 1533 4050 dicti
1575 3984 1752 4051 rubri
1779 3984 2177 4050 narrationes
2222 3984 2301 4050 de
2330 3983 2591 4050 Arthuri
2634 3985 2901 4072 eiusque
2944 3985 3185 4052 satelli-

261 4105 388 4160 tum
435 4093 722 4178 (Ar-thur
760 4091 860 4158 αἰ·
899 4095 1050 4172 ford
1085 4115 1264 4181 yrun,
1319 4094 1402 4159 A.
1449 4103 1514 4160 et
1560 4095 1814 4162 tabulae
1855 4093 2183 4175 rotundae,
2230 4092 2403 4161 Mab.
2437 4095 2499 4176 3,
2531 4093 2685 4180 322)
2747 4097 2939 4162 rebus
2981 4097 3185 4181 gestis

258 4228 378 4272 nec
413 4227 552 4272 non
595 4203 756 4270 alias
801 4224 964 4290 quae
1017 4203 1086 4268 in
1129 4203 1352 4270 eodem
1397 4205 1798 4272 continentur
1837 4205 2120 4272 Domina
2166 4198 2355 4269 Gneet
2396 4202 2701 4287 Cimbra,
2758 4204 2993 4272 femina
3036 4204 3186 4270 doc-

259 4315 524 4382 tissima
566 4322 634 4379 et
655 4313 1004 4380 litterarum
1047 4313 1234 4380 huius
1265 4314 1476 4400 gentis
1521 4325 1584 4381 et
1623 4315 1812 4380 huius
1857 4313 2087 4381 aetatis
2128 4315 2422 4402 inprimis
2468 4337 2683 4401 gnara,
2730 4315 2931 4382 edidit
2968 4315 3035 4380 in
3078 4315 3187 4380 tri-

261 4426 378 4492 bim
423 4423 626 4491 tomis
665 4423 760 4490 ita
797 4424 1156 4512 inscriptis:
1227 4415 1390 4490 ‘The
1429 4423 1949 4512 Mabinogion
2004 4425 2166 4490 from
2210 4424 2317 4490 the
2359 4423 2541 4511 Llyfr
2592 4426 2753 4492 coch
2796 4448 2835 4491 o
2880 4424 3183 4510 Hei-gest,

255 4537 380 4602 and
423 4537 616 4604 other
658 4534 918 4600 ancient
967 4535 1168 4601 welsh
1207 4536 1664 4622 manuscripts,
1725 4536 1880 4601 with
1932 4557 2017 4601 an
2070 4535 2325 4621 english
2364 4535 2745 4601 translation
2798 4535 2927 4600 and
2978 4545 3183 4602 notes.

253 4645 349 4733 By
387 4647 584 4732 Lady
629 4642 958 4712 Chai-lette
999 4645 1268 4713 Guest.
1325 4645 1600 4712 London
1649 4648 1810 4712 1849
1835 4697 1850 4711 .

417 4755 766 4826 Codices
810 4755 1132 4822 cornici.
1226 4758 1278 4822 1.
1337 4755 1656 4824 Comicae
1703 4757 1977 4823 dialecto
2020 4757 2511 4824 adscribendum
2552 4767 3031 4823 monumentum
3073 4779 3183 4821 ve-

255 4867 504 4948 tustius,
551 4865 726 4953 quod
767 4875 958 4948 atat,
1003 4876 1104 4932 est
1149 4863 1640 4934 Vocabularium
1682 4870 1752 4933 in
1797 4865 2019 4933 codice
2064 4868 2543 4934 membranaceo
2581 4866 2886 4934 Londinii
2931 4877 3183 4934 servato

255 4977 316 5042 iu
355 4976 596 5044 Museo
639 4974 997 5042 britannico
1041 4975 1468 5073 bibliothecae
1511 4977 1967 5061 Cottonianae‚
2028 4978 2135 5064 qui
2193 4977 2593 5064 significatus
2637 4988 2737 5044 est
2792 4988 2947 5043 nota
2988 4977 3182 5063 Vesp.

257 5089 335 5171 Δ,
385 5091 488 5154 14.

415 5197 572 5266 Hoc
611 5195 1090 5267 voe-‚hulmum
1134 5219 1278 5266 esse
1321 5199 1616 5266 haustum
1661 5221 1698 5266 e
1741 5199 1965 5268 codice
2008 5199 2389 5284 vetustiore,
2446 5199 2631 5267 cuius
2683 5209 2895 5267 tamen
2950 5199 3182 5267 formas
