3717 5642
1243 397 1622 450 PRAEFAno
1665 393 2015 460 moronis.
2302 373 2553 439 (XXXV-
2579 371 2850 436 XXXVI)
2918 371 3117 442 XXV

209 577 400 634 tustae
443 567 725 655 linguae,
772 589 914 632 cum
959 591 1012 634 e.
1035 591 1128 652 gr.
1171 566 1242 631 in
1282 563 1396 632 Ml.
1441 565 1728 631 obtineat
1770 563 2031 651 saepius
2074 584 2107 626 e
2146 585 2261 648 pro
2305 564 2375 626 ai
2416 561 2519 626 vel
2558 564 2589 624 i
2626 560 2819 628 solita
2861 561 2927 625 in
2962 557 3111 626 Wb.

211 687 260 742 et
297 687 436 742 orta
481 700 518 742 e
559 677 888 763 primitiva
927 703 988 759 a,
1033 676 1138 742 vel
1179 677 1248 742 in
1293 673 1400 742 Cr.
1447 686 1512 740 et
1553 676 1622 742 in
1663 675 1779 740 Ml.
1827 677 1897 740 ai
1936 675 2255 740 interdum
2308 695 2423 759 pro
2466 673 2791 758 primitiva
2828 671 2873 735 i.
2958 668 3113 736 Fre-

207 788 490 872 quentius
542 789 733 854 etiam
800 791 870 852 ai
921 809 1108 873 quam
1162 788 1192 848 i
1251 785 1546 852 scribitur
1607 787 1676 850 in
1727 785 1951 852 codice
2010 783 2119 870 Sg.
2137 836 2155 867 ,
2218 784 2329 870 qui
2384 781 2896 869 orthographiam
2956 781 3115 846 alias

208 898 472 964 ostendit
511 897 725 983 'magis
781 898 1092 964 excultam
1145 919 1338 982 quam
1391 896 1620 978 ceteri,
1679 895 2051 982 significans
2098 917 2150 962 e.
2182 917 2272 980 gr.
2320 901 2549 961 statum
2592 893 2895 959 infectum
2936 891 3107 956 litte-

206 1031 390 1073 rarum
425 1007 488 1089 s
531 1017 596 1072 et
645 1030 678 1072 s
729 1008 914 1094 signo
968 1007 1220 1074 delente
1275 1018 1342 1072 et
1397 1015 1628 1072 statum
1675 1006 1895 1071 durum
1951 1005 2295 1070 litterarum
2339 1027 2429 1086 m,
2476 1003 2545 1086 b,
2592 1006 2663 1084 d,
2704 1027 2749 1090 9
2793 1002 3117 1088 duplicata

207 1118 535 1203 scriptione
577 1139 722 1199 mm,
765 1118 858 1199 bb,
903 1119 1006 1200 dd,
1049 1141 1162 1204 99,
1205 1139 1370 1204 quac
1411 1117 1674 1182 insolita
1717 1127 1818 1184 est
1857 1116 2115 1196 ceteris,
2162 1113 2609 1182 exhibentibus
2664 1123 2773 1178 aut
2820 1111 3106 1198 singulas

208 1228 446 1294 easdem
504 1238 616 1292 aut
653 1238 878 1294 tenues
927 1251 978 1314 p
1019 1228 1112 1313 (=
1145 1227 1281 1312 bb),
1343 1240 1366 1292 t
1409 1227 1502 1310 (=
1545 1227 1694 1312 dd),
1751 1250 1784 1292 c
1829 1229 1917 1308 (=
1944 1226 2059 1313 99)
2114 1235 2335 1292 contra
2384 1223 2847 1310 etymologiam.
2934 1220 3113 1288 Usus

207 1339 404 1424 puncti
473 1337 748 1404 delentis
814 1337 1302 1424 grammaticalis
1363 1338 1432 1402 iu
1497 1339 1636 1404 solo
1699 1338 1955 1424 quidem
2018 1336 2241 1404 codice
2304 1335 2416 1420 Sg.
2480 1333 2791 1420 reperitur
2861 1332 2967 1415 (et
3029 1353 3111 1396 ne

205 1449 294 1514 hic
335 1449 628 1534 quidem,
673 1449 785 1514 ubi
830 1448 890 1514 ci
933 1448 1282 1515 secundum
1323 1449 1578 1534 regulas
1621 1448 1802 1514 locus
1847 1471 1995 1516 esse
2040 1448 2255 1524 debet,
2310 1467 2562 1532 semper
2602 1442 2885 1532 positum
2926 1443 3109 1508 inve-

203 1559 382 1643 nitur)
403 1609 422 1640 ‚
491 1559 772 1644 vestigia
823 1569 1036 1624 tamen
1081 1557 1442 1645 duplicatae
1497 1559 1742 1626 mediae
1785 1559 2201 1642 indurandae‚
2240 1557 2533 1644 quamvis
2574 1577 2745 1638 rara,
2802 1564 3113 1642 apparent

205 1671 382 1735 etiam
427 1671 500 1734 in
545 1669 722 1750 aliis,
783 1691 836 1734 e.
867 1691 958 1756 gr.
1003 1668 1220 1734 robbia
1272 1669 1370 1753 (in
1415 1669 1558 1736 aliis
1601 1670 1764 1737 locis
1805 1670 2001 1753 νοόἰα,
2043 1670 2255 1756 ropia)
2300 1667 2447 1736 Wb.
2497 1667 2615 1748 13⁴,
2667 1664 2961 1730 rabbatar
3003 1662 3109 1729 Pr.

205 1779 297 1845 Cr.
326 1780 434 1845 60¹*
479 1779 738 1864 (contra
776 1790 959 1865 ropac
999 1779 1109 1866 Sg.
1149 1781 1346 1865 199⁶),
1391 1779 1688 1867 ffiyarqq
1733 1781 1899 1847 inter
1938 1801 2133 1846 voces
2178 1778 2539 1846 hibernicas
2581 1797 2822 1865 paucas
2866 1774 3109 1842 codicis

205 1887 542 1957 Bernensis
584 1913 650 1954 n.
695 1890 818 1956 363
864 1890 1118 1972 scotici,
1173 1891 1284 1976 qui
1329 1890 1723 1958 adiudicatur
1767 1891 2023 1956 saeculo
2068 1889 2233 1958 VIII
2276 1889 2531 1955 exeunti
2572 1887 2680 1954 vel
2718 1885 2821 1954 IX
2862 1884 3107 1952 ineunti

198 2001 256 2063 in
297 2001 582 2066 editione
626 1999 882 2066 Horatii
927 1999 1258 2066 Orelliana
1297 2001 1534 2066 maiore
1579 2001 1826 2086 (Turici
1859 2003 2043 2083 1843,
2088 1999 2286 2088 praef.
2330 2023 2392 2086 p.
2430 2000 2517 2084 1).
2601 1997 2751 2063 Non
2790 1998 2987 2084 igitur
3029 2019 3109 2062 ex

197 2108 292 2174 illa
332 2109 790 2196 orthographia
829 2111 1034 2196 magis
1079 2110 1252 2176 culta
1293 2111 1538 2178 codicis
1583 2112 1692 2199 Sg.
1735 2113 2057 2180 recentior
2100 2121 2276 2178 aetas
2320 2109 2535 2196 colligi
2582 2109 2790 2191 debet,
2836 2107 2952 2174 sed
2992 2131 3107 2194 po-

193 2220 310 2285 tius
363 2220 434 2284 in
479 2219 582 2285 his
626 2219 1002 2286 differentiis
1061 2221 1254 2286 statui
1311 2221 1602 2290 diversus
1657 2222 2027 2310 scriptionis
2082 2245 2241 2290 usus
2294 2221 2687 2288 diversarum
2746 2219 3107 2286 scholarum

195 2330 286 2395 vel
327 2330 876 2396 monasteriorum.
963 2329 1052 2396 Et
1092 2331 1150 2397 si
1195 2333 1342 2418 quis
1385 2332 1542 2398 velit
1585 2333 1773 2398 etiam
1817 2333 2161 2414 affirmare,
2208 2333 2291 2398 ad
2336 2355 2531 2420 supra
2572 2331 2809 2397 dictum
2850 2339 3105 2416 tempus

192 2441 500 2524 pertinere
563 2440 820 2526 quidem
871 2449 1118 2506 textum
1173 2441 1414 2508 codicis
1467 2451 1534 2508 et
1585 2443 1836 2529 glossas
1894 2444 2277 2530 marginales
2320 2465 2431 2510 eas
2486 2465 2643 2529 quas
2698 2464 2841 2508 cum
2885 2440 3105 2508 codice

191 2549 322 2635 ipso
366 2561 546 2616 ortas
589 2573 738 2616 esse
782 2551 1056 2616 dubitari
1110 2565 1240 2632 non
1283 2561 1524 2637 potest,
1582 2553 1939 2640 glossarum
1992 2563 2198 2622 autem
2244 2554 2469 2620 molem
2518 2552 2832 2618 adiectam
2878 2571 3023 2618 esse
3066 2573 3107 2616 a

193 2659 648 2742 glossatoribus
689 2663 1046 2728 recentiore
1087 2669 1393 2748 tempore,
1437 2663 1730 2750 equidem
1771 2663 1949 2730 nullo
1993 2665 2179 2730 modo
2224 2663 2586 2746 concedam,
2631 2662 2916 2749 linguam
2962 2683 3105 2728 eam

190 2770 426 2838 codicis
471 2770 582 2854 Sg.
629 2773 934 2838 seriorem
981 2793 1125 2838 esse
1167 2773 1416 2838 decimo
1459 2773 1738 2839 saeculo.
1823 2767 1985 2839 Inde
2030 2775 2201 2840 enim
2244 2798 2285 2840 a
2328 2774 2585 2840 saeculo
2628 2772 2963 2842 undecimo
3006 2775 3105 2839 in-

187 2879 328 2966 cipit
379 2882 647 2966 linguae
701 2882 1018 2948 recentior
1059 2883 1382 2964 formatio,
1439 2883 1622 2952 cuius
1665 2884 1909 2950 nullum
1952 2885 2293 2971 vestigium
2346 2883 2670 2950 invenitur
2722 2885 2790 2948 in
2840 2883 2949 2970 Sg.
2968 2935 2983 2965 ,
3040 2893 3105 2949 et

185 3011 333 3073 quae
389 2992 808 3076 cognoscitur
849 2993 1224 3078 praesertim
1277 2993 1345 3057 in
1389 2995 1674 3059 tenuium
1731 2995 2173 3077 destitutione,
2228 2997 2297 3060 in
2338 2993 2653 3060 vocalium
2712 2995 3101 3080 quarundam

183 3101 548 3182 praesertim
593 3101 1122 3190 diphthongorum
1167 3104 1516 3170 mutatione
1536 3156 1553 3187 ‚
1603 3105 1856 3192 iamque
1900 3105 2243 3170 flexionum
2296 3104 2401 3170 vel
2440 3103 2947 3170 terminationum
2993 3103 3101 3168 de-

185 3211 560 3292 structione;
621 3235 664 3278 a
704 3235 832 3298 qua
869 3214 1246 3281 formatione
1289 3215 1518 3302 incipit
1569 3213 1784 3281 media
1823 3225 2002 3282 aetas
2046 3215 2303 3300 linguae
2346 3213 2718 3280 hibernicae
2770 3234 2975 3298 usque
3020 3214 3099 3278 ad

182 3321 700 3388 constitutionem
739 3323 1084 3390 hodiernae
1125 3324 1402 3410 linguae.
1503 3323 1718 3392 Huius
1763 3327 1991 3392 aetatis
2036 3334 2187 3392 sunt
2224 3324 2441 3410 plures
2486 3324 2745 3390 codices
2786 3324 3098 3390 asservati

185 3429 240 3492 in
277 3429 604 3498 Hibernia
657 3433 760 3498 vel
806 3433 990 3500 etiam
1049 3435 1118 3499 in
1159 3432 1500 3500 Britannia
1557 3444 1666 3500 aut
1719 3437 1802 3502 ad
1844 3436 2013 3502 idem
2053 3435 2263 3522 ipsum
2304 3444 2555 3521 tempus
2600 3434 2991 3521 pertinentes
3037 3443 3103 3499 et

180 3539 452 3608 eiusdem
509 3563 618 3608 res
689 3551 752 3607 et
797 3543 1142 3611 relationes
1207 3545 1606 3612 continentes
1671 3557 1782 3612 aut
1837 3547 2025 3614 etiam
2096 3567 2131 3610 e
2194 3544 2651 3610 vetustioribus
2710 3543 3097 3630 transcripti.
3174 3586 3183 3595 ·

181 3645 296 3714 Sed
337 3651 630 3718 nondum
671 3653 846 3738 typis
888 3655 1204 3742 impressa
1245 3666 1396 3722 sunt
1434 3657 1626 3722 etiam
1668 3655 1871 3742 pluris
1912 3655 2227 3734 habenda,
2272 3677 2327 3721 e.
2358 3677 2448 3740 gr.
2493 3675 2577 3720 ne
2622 3651 2917 3721 Cormaci
2960 3653 3099 3739 qui-

185 3758 312 3826 dem
355 3763 749 3847 glossarium
789 3765 1160 3833 vetustioris
1203 3767 1498 3852 originis,
1545 3767 1832 3852 exceptis
1874 3765 1959 3831 iis
2000 3763 2361 3852 particulis,
2418 3787 2585 3850 quae
2628 3764 2799 3851 apud
2842 3763 3097 3830 O’Reil-

181 3866 316 3936 lium
373 3881 444 3938 et
487 3869 1002 3940 O'Donovanum
1043 3875 1358 3962 leguntur.
1447 3875 1614 3944 Sunt
1667 3877 1955 3944 eiusdem
1996 3876 2393 3942 formationis
2448 3876 2641 3942 etiam
2694 3874 2884 3942 obvia
2926 3873 3097 3960 apud

183 3975 684 4049 O'Donovanum
727 3995 1028 4072 excerpta
1085 4007 1122 4052 e
1163 3985 1386 4052 codice
1429 3985 1598 4053 dicto
1637 3978 1955 4052 ‘Leabltar
1988 3976 2233 4070 Breac’,
2290 3996 2361 4052 ut
2408 3987 2523 4054 illa
2558 3993 2939 4052 vetustatem
2984 3983 3097 4050 ad-

187 4269 304 4334 :pud
337 4272 714 4340 compositores
749 4273 1036 4327 fabularum
1072 4275 1387 4342 hibernicos,
1433 4276 1524 4344 qui
1559 4276 1849 4331 hibernicae
1883 4278 2053 4346 gentis
2091 4281 2144 4330 et
2185 4277 2389 4346 linguae
2422 4276 2634 4330 nomina
2666 4279 2721 4328 et
2752 4274 3095 4344 proprietates

185 4367 264 4404 suo
293 4358 466 4422 modo,
509 4357 694 4411 fabulis
720 4359 1100 4428 componendis,
1137 4361 1233 4413 sibi
1258 4361 1595 4430 explicarunt.
1649 4361 1905 4416 Narratur
1926 4363 2064 4431 apud
2087 4363 2179 4416 hos
2216 4363 2298 4426 (cf.
2325 4363 2366 4416 Ο
2368 4361 2573 4416 ’.Donov
2607 4361 2801 4415 Introd
2826 4377 2879 4428 p.
2903 4361 3093 4415 XXIX

181 4444 222 4488 et
245 4441 422 4498 O’Con.
449 4451 506 4507 1,
529 4442 810 4513 Proleg.11,
837 4461 888 4513 p.
908 4443 1244 4499 LXXXVIII
1267 4451 1378 4516 sq.,)
1413 4463 1581 4517 regem
1607 4444 1822 4500 Feniwm
1855 4449 2121 4510 (scribitur
2146 4445 2399 4502 Phaenius
2435 4449 2575 4517 apud
2596 4447 2863 4502 Giraldum
2886 4445 3094 4500 Gambr.

185 4525 276 4578 aliis
307 4525 556 4582 rauseis
591 4533 648 4584 et
680 4545 800 4584 cnm
835 4529 1148 4586 Phoenicum
1183 4533 1389 4586 nomine
1423 4534 1799 4602 coniungitur),
1835 4547 1961 4588 suae
1995 4534 2199 4602 linguae
2234 4539 2289 4588 et
2322 4535 2539 4589 aliarum
2575 4534 2970 4604 peritissimum,
3007 4533 3093 4586 cui

183 4608 350 4668 fuerint
380 4615 520 4668 socii
554 4630 719 4685 aeque
753 4617 907 4684 periti
951 4615 1150 4670 Gaedaz
1181 4621 1235 4670 et
1269 4615 1364 4670 Iar
1396 4620 1450 4684 (i.
1486 4635 1528 4673 e.
1569 4619 1848 4694 occidens),
1899 4621 2111 4674 iussisse
2145 4618 2427 4674 Gaedalum
2470 4619 2700 4690 linguam
2736 4619 2959 4690 patriam
2993 4618 3090 4671 di-

181 4709 380 4760 gerere
413 4701 490 4753 in
527 4701 815 4771 quinque
849 4701 1196 4768 dialectOS,
1233 4721 1498 4774 quarum
1533 4706 1806 4759 maxime
1839 4706 2021 4758 culta
2054 4707 2116 4758 et
2149 4705 2439 4773 perfecta
2472 4705 2788 4758 nominari
2824 4703 3093 4756 deberet

183 4781 286 4832 εὖ
269 4799 406 4852 ipso
441 4783 616 4838 Ber-la
649 4781 834 4851 Feine,
877 4790 1076 4840 ceterae
1121 4791 1292 4842 autem
1339 4789 1547 4844 dialecti
1589 4791 1672 4844 vel
1708 4793 1875 4844 omnis
1906 4791 2086 4862 lingua
2120 4789 2347 4857 vulgaris
2381 4807 2414 4844 a
2448 4788 2672 4844 Gaedalo
2706 4789 2925 4844 dicenda
2958 4793 3093 4843 esset

187 4863 411 4940 Gaidkelq
449 4867 772 4938 (Gat'dclach
805 4889 890 4941 ap.
927 4871 1144 4936 Girald.;
1179 4876 1306 4943 gael-
1339 4873 1560 4946 Gaeliy).
1613 4877 1772 4946 Leges
1811 4881 2047 4930 vetustae
2080 4877 2375 4932 hibernicae
2408 4876 2601 4930 diserte
2632 4875 2855 4932 dialecto
2884 4875 3091 4930 feniana

183 4953 380 5020 scriptae
417 4956 687 5012 dicuntur.
739 4957 864 5012 Post
885 4959 1020 5011 hanc
1052 4960 1398 5026 nominantur,
1435 4962 1718 5016 recentiore
1751 4961 1965 5016 fortasse
2000 4962 2349 5026 distinctione,
2386 4963 2603 5032 poetica,
2639 4962 2924 5026 dialectica,
2958 4961 3089 5030 phy-

185 5039 328 5094 :italis
369 5045 454 5097 vel
499 5044 789 5108 medicina,
833 5047 888 5097 et
935 5044 1086 5098 solita
1130 5046 1378 5100 disiectus
1427 5045 1517 5114 (Β.
1541 5046 1686 5116 filed,
1734 5047 2075 5113 etarscartlua
2122 5047 2315 5113 εείὂίᾶε,
2348 5047 2693 5118 qndtkberla).
2761 5045 3089 5100 Differentiae

185 5123 494 5184 dialecton-um
529 5133 780 5200 quattuor
802 5131 1111 5202 populorum
1133 5132 1490 5201 principalium
1527 5133 1592 5186 ab
1617 5133 1863 5188 Hibernis
1902 5133 2030 5203 ipsis
2054 5138 2301 5203 quattuor
2326 5134 2561 5189 versibus
2578 5134 2875 5187 indicantur
2906 5133 2972 5197 (Ο
2974 5131 3087 5187 Do·
3134 5157 3143 5166 ·

183 5225 280 5268 mv.
309 5215 508 5272 lntrod.
539 5215 748 5276 LXXII
781 5219 900 5286 sq.).
