3717 5642
550 413 675 478 672
740 413 879 477 (63⁷.
902 414 1023 477 638)
1308 410 1422 476 IV.
1466 412 1526 475 2.
1592 428 2173 477 Pmssrosrnonss
2215 428 2696 477 amrmmom.

550 600 735 664 ethow
758 649 774 663 .
802 651 816 665 .
847 648 862 663 .
894 623 935 663 a
976 596 1190 685 wyakie
1230 596 1432 662 kenter
1469 597 1637 684 ynky
1679 596 1988 681 (Iudaeus
2033 596 2278 661 clavum
2313 594 2568 681 impulit
2607 594 2678 660 in
2706 618 2864 679 eam,
2907 596 3192 681 manum)
3241 598 3380 679 182,
3411 596 3470 661 2.

550 726 591 765 a
631 722 879 787 nymeee
911 720 1123 785 ynnon
1172 720 1255 784 ny
1296 721 1463 784 aqcm
1505 700 1675 764 colon
1717 720 1807 763 ow
1851 698 2009 784 lesky
2063 695 2304 780 (nonne
2349 707 2486 763 erat
2529 698 2600 763 in
2641 698 2832 765 nobis
2885 720 2998 764 cor
3037 708 3332 765 nostrum
3375 720 3471 763 ar-

550 802 709 867 dens
723 802 783 886 Ρ)
825 800 903 867 R.
952 800 1133 866 1321.
1195 799 1321 863 hun
1362 801 1588 882 corfow
1628 821 1731 865 eea
1766 822 1930 885 ynne
1985 800 2081 885 (et
2127 821 2395 886 corpora
2433 821 2599 885 quae
2641 810 2824 866 eraut
2862 799 2933 865 in
2973 800 3076 882 iis,
3121 799 3473 887 sepulcris)

548 902 621 967 P.
654 903 797 985 210,
830 904 890 967 2.

716 1003 1168 1070 Aremorica
1210 1002 1496 1069 eiusdem
1539 1002 2036 1090 praepositionis
2077 1002 2278 1069 forma
2306 1001 2540 1089 duplex
2571 1011 2687 1084 est,
2725 1001 2848 1068 EN
2877 1002 2984 1069 vel
3009 1001 3090 1067 E.
3155 1000 3283 1068 Illa
3323 1010 3472 1067 ante

548 1106 806 1175 vocales
848 1104 1246 1193 potissimum
1277 1115 1641 1191 usurpatur:
1689 1126 1762 1169 en
1802 1104 1907 1169 Ιιοῑ
1948 1105 2434 1168 mandamantou
2477 1102 2577 1187 (in
2611 1104 2900 1169 omnibus
2928 1102 3279 1187 mandatis)
3308 1102 3471 1168 Buh.

548 1212 649 1292 62,
682 1212 741 1275 5.
812 1231 886 1273 en
926 1208 1095 1271 hana
1140 1206 1280 1285 doe,
1326 1228 1399 1269 en
1441 1207 1611 1271 hana
1652 1230 1736 1270 an
1780 1217 1872 1269 tac
1925 1206 2023 1291 (in
2063 1203 2322 1271 nomine
2367 1205 2489 1287 dei,
2535 1204 2766 1291 patris)
2818 1206 2954 1287 180,
3003 1206 3062 1269 3.
3100 1206 3196 1269 15.
3266 1225 3344 1270 en
3385 1227 3474 1267 tm

548 1312 675 1376 lech.
700 1332 936 1397 pennae
964 1298 1319 1392 (‘alicubi‘)
1350 1306 1555 1390 cath„
1599 1308 1705 1374 vel
1738 1329 1861 1372 una
1889 1306 2222 1377 articulum
2253 1308 2619 1373 continensz
2665 1329 2738 1372 en
2767 1306 2940 1371 cabm
2970 1356 2987 1371 .
3011 1354 3028 1370 .
3047 1328 3182 1393 pan
3206 1304 3481 1391 winqaff

549 1412 649 1496 (in
705 1411 896 1477 corde
966 1432 1107 1475 cum
1166 1408 1409 1495 cogito)
1452 1408 1615 1473 Buh.
1654 1411 1712 1490 8,
1761 1414 1813 1475 1.
1880 1408 2052 1475 collet
2099 1430 2172 1473 en
2227 1409 2318 1473 bet
2367 1430 2518 1473 man
2570 1407 2852 1496 (perdita
2901 1407 2972 1472 in
3025 1406 3150 1473 hoc
3207 1406 3474 1486 mundo,

548 1536 745 1601 opera
784 1512 955 1597 mea)
1012 1514 1073 1593 4,
1113 1514 1207 1576 15.
1274 1535 1349 1576 en
1390 1512 1499 1577 bro
1543 1537 1585 1577 a
1625 1533 1763 1575 vezo
1807 1511 1950 1577 brae
2002 1511 2101 1595 (in
2144 1519 2315 1577 terra
2357 1511 2478 1576 erit
2519 1509 2816 1597 magnus)
2871 1510 2971 1591 86,
3019 1510 3122 1575 24.
3187 1531 3263 1573 en
3309 1508 3476 1573 breis:

546 1638 696 1679 man
740 1614 838 1699 (in
882 1613 1001 1679 hac
1042 1610 1405 1697 Britannia)
1450 1614 1549 1695 84,
1588 1616 1684 1679 15.
1732 1614 1831 1695 88,
1870 1614 1966 1679 13.
2023 1614 2100 1679 do
2143 1614 2358 1698 quelen
2400 1636 2474 1678 en
2516 1634 2725 1677 emen
2767 1634 2914 1675 man
2957 1610 3069 1696 (ad
3113 1610 3476 1677 docendum

552 1716 621 1781 in
663 1714 785 1781 hac
826 1716 1067 1800 insula)
1130 1717 1187 1798 6,
1233 1717 1333 1781 22.
1398 1736 1471 1779 en
1512 1736 1766 1800 manyer
1808 1738 1954 1779 man
2007 1705 2182 1801 (‘ita,
2228 1707 2493 1801 itaque')
2539 1714 2756 1797 Cath.;
2811 1724 3024 1781 tamen
3074 1712 3268 1779 etiam
3321 1724 3478 1779 ante

554 1840 871 1885 consonas
890 1846 935 1902 ,·
966 1818 1074 1885 ubi
1132 1818 1210 1883 de
1255 1815 1521 1883 articulo
1572 1838 1704 1881 non
1748 1816 1833 1880 sit
1885 1817 2324 1903 cogitandum:
2381 1839 2458 1881 en
2480 1817 2748 1900 faeczon
2807 1816 2976 1883 arall
3014 1805 3340 1900 (‘aliter‘),
3403 1836 3478 1879 en

551 1942 810 2007 manyer
852 1920 1019 1985 arall
1046 1908 1461 2007 (‘alioquin'),
1506 1940 1579 1983 en
1600 1940 1723 2005 pep
1753 1917 1880 1982 lech
1922 1910 1974 2003 (‘
1987 1908 2290 2006 ubique')‚
2335 1919 2668 2003 enquwhm
2695 1910 2961 2005 (tenus,
2993 1940 3212 2005 prope,
3240 1907 3480 2000 iuxta')

552 2021 739 2090 Cath.
808 2044 882 2087 en
923 2022 1078 2086 ereio
1116 2044 1224 2086 ma
1265 2021 1443 2085 calon
1486 2019 1585 2104 (in
1627 2019 1833 2085 medio
1881 2020 2070 2086 corde
2113 2020 2286 2105 meo)
2330 2020 2468 2087 MJ.
2512 2022 2590 2087 25
2603 2022 2666 2087 b.
2737 2043 2812 2084 en
2855 2042 2968 2105 nep
2991 2020 3260 2101 faeczon
3305 2019 3478 2105 (ullo

547 2122 765 2209 modo)
810 2124 892 2190 88
906 2146 963 2188 a.
1061 2121 1458 2208 Quamquam
1498 2120 1890 2208 frequentior
1931 2120 2037 2186 hic
2083 2132 2183 2188 est
2221 2122 2426 2188 forma
2466 2122 2562 2187 E:
2617 2122 2906 2207 equit-hen
2948 2111 3233 2207 (‘iuxta’)
3279 2119 3478 2188 Cath.

548 2224 684 2291 MJ.
719 2226 873 2292 99b.
946 2246 1053 2289 ma
1093 2226 1215 2287 mir
1259 2244 1291 2287 e
1320 2244 1445 2309 pop
1490 2224 1615 2288 lech
1668 2244 1738 2287 oz
1769 2223 1984 2308 pocket
2035 2224 2259 2309 (serva
2301 2247 2402 2291 me
2458 2224 2626 2289 omni
2669 2224 2812 2289 loco
2873 2246 2914 2289 a
2952 2222 3250 2310 peccato)
3301 2222 3479 2290 Buh.

552 2328 650 2407 16,
690 2328 786 2391 14.
864 2326 981 2389 den
1025 2324 1168 2391 bras
1207 2347 1239 2389 e
1264 2324 1485 2389 ker-etio
1526 2322 1747 2409 (homo
1789 2324 2036 2411 amplus
2079 2325 2146 2389 in
2177 2324 2499 2412 Cei-stica)
2545 2327 2646 2408 28,
2685 2326 2784 2391 24.
2841 2326 3094 2411 quinon
3137 2348 3170 2389 e
3199 2324 3307 2389 bro
3337 2324 3482 2389 bre-

548 2438 732 2508 tonet,
804 2416 1001 2492 &autel
1040 2450 1071 2491 e
1113 2425 1221 2491 bro
1264 2426 1499 2491 Breton
1540 2426 1798 2511 (iustus,
1846 2436 2106 2493 sanctus
2149 2427 2216 2492 in
2259 2435 2428 2493 terra
2467 2426 2949 2512 Britannorum)
2990 2428 3094 2507 44,
3131 2430 3228 2491 16.
3270 2426 3380 2507 48,
3413 2427 3480 2491 3.

549 2550 581 2591 e
623 2526 785 2591 breiz
822 2526 952 2613 ysel
992 2526 1091 2611 (in
1133 2526 1469 2593 Britannia
1510 2528 1839 2612 inferiore)
1888 2531 2026 2611 100,
2061 2531 2119 2596 8.
2167 2530 2310 2612 206,
2349 2532 2444 2594 17.
2511 2528 2707 2613 bouus
2737 2529 2872 2592 real
2909 2550 2944 2593 e
2984 2529 3184 2594 lealtet
3225 2528 3480 2614 (vivam

548 2629 803 2695 omnino
846 2628 915 2692 in
945 2627 1299 2715 legalitate)
1343 2630 1445 2711 28,
1480 2632 1578 2695 15.
1665 2629 1823 2697 Item
1869 2643 2020 2717 post
2049 2633 2244 2698 verba
2267 2630 2602 2697 motionis:
2649 2652 2722 2695 en
2747 2651 2915 2695 maes
2943 2620 3220 2713 (exn-a’,
3264 2630 3481 2714 foras)

554 2729 739 2798 Cath.
784 2718 947 2795 Buh.
992 2730 1094 2813 56,
1130 2732 1229 2795 17.
1273 2732 1373 2813 60,
1410 2734 1509 2797 11.
1575 2752 1649 2795 en
1691 2742 1755 2817 ty
1797 2730 1871 2797 he
1897 2732 2116 2819 diyaco
2155 2756 2198 2798 a
2221 2734 2379 2820 φῆ·
2414 2732 2512 2819 (in
2543 2733 2798 2799 domum
2840 2753 2980 2798 eam
3024 2731 3256 2797 ducere
3287 2731 3480 2816 volo)

548 2834 649 2917 24,
686 2836 741 2897 1.
813 2832 956 2897 decet
998 2830 1248 2896 bremam
1290 2854 1365 2898 en
1406 2834 1618 2899 leandi
1656 2834 1900 2920 (venite
1942 2856 2113 2902 nunc
2153 2836 2223 2900 in
2251 2834 2660 2919 conventum)
2703 2835 2804 2917 38,
2835 2836 2898 2899 4.
2957 2835 3102 2899 duct
3141 2845 3278 2899 mat
3315 2836 3483 2899 mach

545 2936 669 3021 huy
724 2956 799 2999 en
850 2932 1037 3019 abaty
1100 2934 1219 2999 Ῐιαο
1269 2956 1345 3001 en
1398 2946 1463 3022 ty
1512 2958 1661 3000 man
1726 2936 1932 3021 (bene
1983 2937 2252 3003 venistis
2307 2960 2426 3004 vos
2477 2938 2548 3003 in
2600 2936 2918 3003 abbatim
2973 2945 3038 3001 et
3087 2936 3156 3000 in
3213 2935 3481 3001 domum

542 3036 736 3119 hanc)
787 3037 925 3118 186,
970 3037 1029 3099 6.
1096 3036 1186 3120 off
1231 3036 1377 3101 duet
1428 3060 1460 3102 e
1503 3037 1687 3103 buhez
1746 3038 1928 3123 (veni
1969 3039 2038 3103 in
2081 3038 2307 3124 vitam)
2357 3040 2455 3123 14,
2495 3042 2548 3105 1.
2621 3050 2824 3103 monet
2869 3060 3022 3105 vom·
3077 3059 3220 3103 mar
3271 3058 3306 3101 e
3361 3036 3482 3102 bro

546 3138 719 3203 aral!
757 3136 1114 3225 (proficisci
1152 3138 1309 3203 mari
1352 3139 1421 3203 in
1462 3140 1653 3205 aliam
1695 3139 1957 3224 terram)
1999 3144 2061 3225 4,
2093 3143 2194 3209 23.
2252 3153 2442 3207 eoezet
2485 3142 2575 3226 off
2607 3164 2640 3206 e
2676 3162 2798 3229 you
2841 3143 2924 3206 Ιια
2965 3162 3191 3206 souzan
3236 3138 3480 3223 (incidi

542 3239 612 3303 in
656 3261 929 3305 errorem
972 3248 1038 3305 et
1080 3241 1414 3326 angorem)
1458 3245 1521 3325 4,
1555 3242 1653 3307 16.

708 3342 881 3407 Ante
924 3342 1299 3427 pronomina
1340 3344 1739 3431 possessiva:
1796 3354 1952 3408 troet
1990 3364 2055 3407 eo
2097 3364 2192 3407 em
2237 3342 2376 3407 lma
2415 3364 2508 3407 em
2549 3344 2719 3409 studi
2768 3342 3035 3429 (cecidit
3073 3344 3143 3408 in
3187 3344 3476 3409 animum

545 3462 771 3527 meum,
814 3444 883 3509 in
928 3446 1209 3512 studium
1250 3444 1489 3531 meum)
1530 3445 1694 3512 Buh.
1727 3446 1827 3528 20,
1859 3446 1919 3510 2.
1979 3446 2109 3510 euel
2147 3468 2228 3508 vn
2269 3446 2472 3509 merch
2515 3466 2590 3509 en
2631 3447 2704 3509 Ize
2740 3447 3070 3532 yuerolaedet
3108 3444 3212 3529 (ut
3249 3446 3480 3534 puella

544 3544 609 3608 in
655 3544 1023 3632 virginitate
1068 3548 1216 3632 sua)
1264 3548 1361 3629 18,
1394 3548 1453 3611 8.
1520 3570 1613 3613 em
1655 3548 1776 3632 ooff
1811 3547 1912 3632 (in
1953 3556 2133 3613 utero
2175 3546 2378 3630 meo),
2437 3568 2511 3611 en
2552 3547 2628 3611 Ιιο
2667 3548 2788 3631 coff
2827 3548 2925 3633 (in
2967 3558 3148 3615 utero
3191 3552 3474 3636 vestro),

541 3668 615 3711 en
656 3648 732 3712 Ιιο
774 3649 949 3714 calon
994 3648 1095 3733 (in
1136 3646 1330 3713 corde
1382 3648 1629 3732 vestro)
1675 3648 1810 3715 MJ.
1842 3649 1924 3713 24
1939 3671 1994 3714 a.
2028 3650 2182 3716 23b.
2216 3649 2295 3714 25
2313 3670 2369 3714 a.

712 3748 879 3816 Cum
932 3749 1413 3835 pronominibus
1478 3750 1755 3816 suffixis:
1820 3750 2007 3814 henoz
2057 3770 2124 3813 ez
2163 3750 2326 3813 vibet
2357 3798 2372 3815 .
2397 3798 2412 3813 .
2438 3798 2454 3813 .
2497 3749 2693 3834 enouf
2735 3771 2830 3814 me
2882 3752 3256 3817 scandalizet
3315 3752 3476 3836 (hac

536 3860 728 3917 nocte
770 3852 839 3916 in
880 3874 984 3917 mo
1031 3849 1661 3936 scandalizabimini)
1702 3850 1839 3919 MJ.
1891 3852 1973 3917 63
1984 3852 2043 3914 b.
2111 3848 2292 3915 dalch
2333 3852 2456 3916 clos
2497 3854 2604 3917 dez
2645 3874 2753 3917 noe
2795 3874 2880 3917 an
2913 3872 3141 3937 propos
3177 3874 3245 3915 80
3285 3866 3478 3917 αιτιοι

546 3952 767 4037 (serva
808 3954 986 4019 firme
1032 3952 1135 4018 die
1176 3961 1490 4040 nocteque
1530 3954 1932 4041 propositum
1971 3953 2141 4039 quod
2183 3962 2286 4019 est
2323 3954 2393 4018 in
2419 3954 2518 4040 te)
2565 3953 2718 4019 14b.
2775 3952 2914 4018 bont
2955 3955 3143 4019 enode
3179 3976 3258 4017 ne
3297 3955 3480 4019 dleke

544 4066 685 4138 quet
729 4054 906 4139 (esse
947 4055 1017 4120 in
1044 4064 1109 4121 te
1148 4077 1282 4120 non
1309 4054 1614 4141 debebat)
1650 4058 1769 4122 149
1780 4058 1841 4122 b.
1889 4056 2064 4140 poule
2105 4056 2304 4140 enhaf
2321 4056 2508 4122 hoaut
2546 4054 2790 4141 (excita
2830 4055 2898 4120 in
2928 4076 3005 4120 eo
3049 4054 3476 4141 desiderium)

542 4153 708 4220 Buh.
741 4155 842 4240 86,
873 4159 968 4222 10.
1014 4156 1228 4240 enaaff
1251 4155 1500 4222 bremon
1528 4179 1594 4222 eo
1620 4156 1852 4243 emasn]
1882 4156 2049 4244 qoall
2075 4155 2174 4241 (in
2203 4179 2280 4223 eo
2307 4180 2478 4223 nunc
2509 4166 2608 4224 est
2632 4156 2894 4241 iniuria)
2931 4158 3070 4238 166,
3107 4159 3204 4223 19.
3249 4162 3476 4244 ἀοοηῳ

542 4278 686 4321 oren
744 4257 859 4322 bed
896 4258 1104 4343 enkaff
1152 4259 1399 4344 (eamus
1443 4258 1731 4345 protinus
1787 4258 1870 4323 ad
1913 4259 2091 4344 eum)
2105 4308 2122 4340 ,
2179 4260 2323 4323 duee
2377 4259 2510 4324 euel
2557 4260 2674 4324 hen
2730 4257 2908 4323 bedec
2955 4258 3170 4343 enhaff
3217 4259 3474 4344 (venite

543 4380 696 4446 ergo
741 4358 823 4425 ad
866 4359 1037 4445 eum)
1084 4361 1223 4443 184,
1260 4364 1315 4425 1.
1368 4361 1465 4426 18.
1536 4382 1632 4424 me
1672 4382 1853 4425 meua·
1896 4360 2050 4445 enky
2092 4382 2176 4424 an
2217 4360 2445 4425 audiui
2479 4360 2754 4446 ‘muyhaf
2800 4360 3036 4445 (habeo
3079 4362 3148 4427 in
3193 4384 3288 4446 ea,
3334 4360 3473 4428 De·-

543 4462 763 4545 metia,
808 4462 1143 4527 maximam
1184 4462 1605 4550 voluptatem)
1651 4462 1751 4546 30,
1782 4463 1842 4528 3.
1915 4473 2082 4527 mont
2125 4462 2218 4525 bet
2259 4462 2412 4547 enhy
2455 4484 2540 4525 an
2577 4464 2735 4550 qrfff
2770 4463 2897 4548 (ire
2940 4463 3021 4529 ad
3065 4486 3238 4547 eam,
3283 4464 3474 4550 puel·

542 4561 691 4644 lam,
737 4562 935 4647 volo),
976 4584 1073 4629 me
1108 4585 1245 4629 naen
1288 4588 1395 4629 ma
1432 4577 1611 4630 emen
1653 4565 1747 4629 bet
1773 4566 1928 4651 enhy
1971 4564 2213 4651 (cogito
2256 4563 2578 4651 proficisci
2621 4565 2690 4630 in
2732 4587 2890 4649 eam,
2934 4564 3332 4649 Demetiam)
3363 4568 3470 4649 24,

549 4666 605 4727 1.
650 4662 754 4747 30,
789 4664 848 4733 2.
920 4686 1007 4729 an
1050 4667 1171 4730 doa
1212 4688 1427 4753 enomp
1468 4690 1554 4753 ny
1596 4666 1859 4731 biv-vidie
1888 4715 1904 4731 .
1932 4716 1948 4731 .
1975 4716 1990 4732 .
2033 4667 2151 4732 hon
2194 4666 2372 4732 calon
2411 4689 2496 4754 ny
2539 4668 2780 4751 (nonne
2825 4676 2959 4734 erat
2999 4667 3070 4733 in
3107 4668 3300 4735 nobis
3341 4668 3474 4734 fer-

544 4786 705 4831 vens
745 4774 1029 4832 nostrum
1059 4789 1171 4833 cor
1183 4768 1243 4853 P)
1273 4767 1409 4835 MJ.
1450 4768 1647 4835 209b.
1705 4770 1852 4833 dion
1893 4770 2087 4834 anion
2127 4790 2192 4835 εο
2234 4768 2418 4834 enoch
2454 4772 2725 4856 ymb-yon
2753 4770 3002 4835 ordonet
3046 4770 3240 4855 (duae
3283 4770 3473 4837 unio-

542 4889 659 4933 nes
686 4884 866 4955 ·quae
912 4877 1062 4934 sunt
1100 4869 1169 4934 in
1212 4870 1397 4936 vobis
1440 4892 1591 4936 vere
1621 4869 1980 4953 ordinatae)
2024 4870 2103 4935 27
2127 4894 2183 4936 a.
2238 4872 2469 4956 ennhey
2511 4871 2612 4957 (in
2653 4870 2804 4954 illis,
2850 4870 3220 4958 scripturis)
3263 4872 3393 4937 234
3407 4872 3472 4937 b.

708 4968 791 5037 IS
838 4970 997 5055 (hib.
1028 4972 1102 5055 ie,
1145 4970 1359 5055 infra),
1403 4980 1537 5037 tum
1569 4970 1841 5059 simplex
1882 4973 2204 5039 invenitur
2245 4984 2376 5038 tum
2406 4973 2762 5060 composita
2803 4993 2944 5038 cum
2973 4974 3056 5036 od
3096 4973 3171 5058 (i.
3203 4995 3258 5039 e.
3301 4972 3470 5055 o-di3

542 5070 631 5134 ad
668 5069 742 5135 L.
784 5070 1057 5157 Land.):
1116 5074 1231 5137 teir
1273 5095 1383 5138 eru
1422 5076 1507 5138 ὼε
1548 5075 1637 5139 rit
1678 5076 1880 5141 deueit
1921 5074 2076 5157 (tria
2117 5076 2336 5161 iugera
2375 5076 2540 5143 infra
2581 5076 2814 5143 vadum
2855 5075 3103 5160 ovium)
3141 5076 3218 5141 L.
3259 5076 3468 5142 Laud.

543 5172 687 5237 237.
744 5178 1038 5264 yae-raqed
1088 5176 1175 5241 oll
1222 5181 1276 5240 ie
1318 5198 1395 5261 vy
1438 5176 1579 5241 llaw
1620 5180 1805 5242 inneu
1863 5178 2189 5261 (mulieres
2232 5201 2452 5245 omnes
2509 5179 2675 5246 iufra
2717 5200 2968 5245 manum
3013 5200 3249 5263 meam,
3307 5179 3474 5245 infra
