3717 5642
880 358 1001 427 VI.
1046 361 1107 425 2.
1180 376 1655 429 consmucrro
1698 378 1993 429 rom-roa
2037 380 2428 429 muamus.
2652 366 2790 427 (914.
2808 365 2931 428 9¹5)
2998 364 3121 429 937

166 546 455 611 solarum
499 568 921 611 consonarum
952 569 1099 613 cum
1144 547 1563 615 alternatione
1588 549 1910 615 vocalium
1951 552 2044 636 (p.
2077 548 2253 633 935).
2327 550 2406 615 In
2449 551 2764 633 versibus,
2809 574 2844 616 e
2890 548 3122 637 quibus

166 648 459 711 carmina
502 658 959 714 construuntur
998 648 1167 734 apud
1212 648 1541 716 Hibernos
1584 660 1876 716 vetustos
1893 702 1909 731 ,
1965 653 2316 717 secundum
2359 652 2770 737 scriptionem
2827 652 3121 717 codicum

163 750 487 834 coniungi
532 750 738 815 solent
778 760 1080 837 tanquam
1124 748 1529 819 hemistichia.
1574 752 1707 817 bini
1748 753 2048 819 versiculi
2106 754 2262 819 certi
2309 754 2695 839 syllabarum
2737 756 3004 835 numeri,
3051 766 3124 818 ut

164 851 349 916 binis
431 860 603 919 certe
663 852 825 919 locis
881 852 1197 938 disposita
1249 852 1372 918 sibi
1426 854 1813 938 respondeat
1865 855 2290 921 consonantia
2353 878 2508 939 una,
2578 856 2636 921 si
2693 878 2824 923 non
2881 854 3120 943 plures.

164 951 475 1018 Rariores
519 962 668 1019 sunt
709 976 933 1021 versus
980 956 1163 1019 trium
1206 955 1643 1021 membrorum.

334 1052 470 1119 Per
522 1052 681 1121 haec
734 1053 1140 1123 hemistichia
1194 1058 1614 1123 consonantia
1668 1056 2129 1146 qualiscunque
2186 1058 2544 1146 disponitur
2561 1108 2579 1141 ,
2639 1072 2770 1125 tam
2811 1058 3102 1141 initialis,

162 1177 367 1239 quam
412 1154 645 1237 finalis,
692 1157 797 1221 vel
838 1156 1233 1238 intermedia,
1281 1156 1338 1222 si
1384 1178 1511 1243 qua
1550 1158 1866 1226 interdum
1911 1159 2128 1225 addita
2169 1170 2270 1227 est
2311 1171 2568 1225 ornatus
2613 1182 2824 1242 causa,
2872 1170 3118 1226 certum

168 1256 395 1321 locum
426 1278 555 1321 non
584 1262 885 1344 poscens.
929 1258 1319 1325 Allitteratio
1339 1267 1477 1325 tum
1508 1260 2063 1347 contraposita
2092 1284 2238 1329 esse
2265 1270 2480 1348 potest
2509 1260 2614 1325 vel
2639 1260 2706 1326 in
2737 1261 3123 1328 hemistichii

161 1357 511 1445 utriusque
540 1360 857 1447 principio
901 1362 1005 1429 vel
1034 1362 1103 1426 in
1144 1359 1392 1442 mediis,
1438 1370 1569 1427 tum
1613 1362 2084 1431 consociata
2123 1364 2190 1429 in
2236 1363 2481 1429 duabus
2524 1362 2792 1430 vocibus
2837 1362 3121 1429 eiusdem

159 1458 565 1527 hemistichii
628 1462 1189 1551 subseqnentibus.
1274 1462 1449 1529 Rara
1490 1472 1591 1531 est
1634 1463 2050 1533 alternans
2097 1464 2362 1531 duarum
2404 1486 2826 1531 consonarum
2869 1474 2979 1530 ant
3005 1486 3122 1551 per

158 1560 463 1627 eiusdem
538 1586 764 1630 versus
836 1565 1119 1631 membra
1184 1572 1293 1631 aut
1352 1586 1469 1651 per
1535 1564 1661 1631 duo
1725 1588 1954 1632 versus
2019 1566 2386 1655 copulatos,
2457 1588 2590 1631 non
2653 1588 2797 1631 rara
2864 1589 3121 1632 cumu-

160 1664 331 1729 lata
400 1674 533 1731 tam
605 1666 893 1735 eiusdem
960 1689 1285 1735 consonae
1346 1688 1463 1754 per
1525 1674 1727 1733 totum
1780 1689 2040 1734 versum
2106 1691 2296 1757 quam
2351 1690 2466 1754 per
2534 1666 2790 1753 singula
2843 1668 3124 1735 membra

160 1766 497 1831 diversae.

336 1867 935 1957 Correspondentia
976 1880 1085 1935 aut
1127 1872 1694 1956 contraposita
1740 1880 1839 1937 est
1891 1870 1962 1937 in
2015 1870 2144 1936 fine
2197 1871 2530 1959 utriusque
2585 1868 2972 1937 hemistichii
3014 1878 3125 1934 aut

160 1972 230 2035 in
292 1972 431 2035 fine
490 1970 755 2037 duorum
814 1994 1111 2037 versuum
1167 1971 1639 2059 copulativa.
1737 1972 1963 2039 Solent
2031 1972 2308 2059 simplici
2375 1973 2743 2059 copulativa
2797 1970 3120 2037 terminari

166 2072 543 2157 posteriora
582 2071 1013 2152 hemistichia3
1062 2075 1177 2139 sed
1221 2073 1537 2139 interdum
1580 2075 1831 2141 accedit
1872 2074 2071 2141 altera
2113 2074 2180 2137 in
2224 2075 2354 2141 fine
2384 2074 2680 2163 priorum,
2727 2083 2798 2139 ut
2834 2075 2950 2139 fiat
2991 2094 3120 2139 co-

155 2172 547 2258 pulativa
599 2176 907 2261 duplex.
1008 2174 1251 2241 Eadem
1306 2175 1771 2241 continuata
1826 2200 1938 2263 per
1995 2198 2238 2263 paucos
2289 2198 2518 2243 versus
2571 2177 2742 2265 apud
2793 2176 3122 2243 Hibernos

160 2275 397 2361 negari
448 2298 581 2342 non
624 2287 872 2363 potest,
932 2299 1047 2363 per
1092 2276 1305 2363 plures
1348 2276 1417 2341 in
1462 2277 1797 2344 cambricis
1858 2278 2243 2343 carminibus
2300 2280 2644 2367 praecipue
2695 2278 3120 2345 continuatur.

156 2378 221 2441 N
226 2400 307 2442 ec
376 2377 747 2465 infrequens
803 2388 902 2445 est
960 2402 1073 2461 per
1122 2380 1335 2447 media
1386 2380 1667 2445 membra
1708 2380 1787 2444 ad
1843 2392 2138 2445 ornatum
2180 2382 2536 2465 augendum
2581 2381 2876 2465 dispersa
2922 2380 3125 2445 altera

158 2488 429 2563 praeter
474 2482 966 2567 contrapositam
1016 2482 1117 2549 vel
1166 2482 1595 2569 copulativam
1636 2482 1703 2547 in
1736 2482 1982 2548 duabus
2028 2482 2134 2549 vel
2160 2482 2364 2548 tribus
2410 2483 2695 2563 vocibuS‚
2742 2503 2932 2569 quam
2976 2483 3120 2548 dico

158 2581 278 2645 lat
296 2604 383 2647 er
400 2604 439 2645 a
457 2581 619 2647 lem.

347 2680 783 2753 Hemistichia
824 2685 1082 2773 singula
1123 2694 1363 2750 certum
1408 2684 1797 2769 syllabarum
1839 2707 2170 2751 numerum
2213 2684 2559 2765 continent,
2605 2693 2674 2749 ut
2717 2693 3120 2771 septenarum

165 2786 281 2851 vel
332 2794 737 2871 octonarum,
794 2787 897 2853 vel
942 2786 1311 2872 pauciorum
1354 2786 1459 2851 vel
1502 2787 1803 2871 plurium,
1856 2808 1980 2851 nec
2029 2794 2241 2853 tamen
2299 2807 2570 2851 necesse
2626 2796 2726 2851 est
2777 2787 2948 2853 idem
3003 2809 3120 2853 nu·

160 2911 393 2955 merus
439 2889 823 2975 syllabarum
882 2888 967 2954 sit
1019 2889 1087 2953 in
1130 2898 1399 2973 utroque
1442 2887 1846 2955 hemistichio
1905 2910 2028 2953 nec
2069 2887 2137 2951 in
2181 2888 2451 2974 singulis
2497 2887 2787 2953 versibus
2833 2888 3120 2955 eiusdem

160 2990 505 3059 carminis.
606 2991 955 3057 Numerum
1007 3000 1139 3055 tam
1183 2988 1597 3075 syllabarum,
1656 3012 1819 3078 quae
1875 2988 2324 3071 hemistichiis,
2388 3010 2574 3075 quam
2621 3012 2943 3072 versuum,
3009 2992 3118 3077 qui

154 3092 463 3177 strophis
509 3092 934 3174 continentur,
983 3116 1063 3157 ex
1109 3090 1368 3156 arbitrio
1414 3094 1743 3157 constituit
1772 3100 1978 3178 poeta,
2023 3090 2152 3155 nisi
2199 3088 2439 3155 mavult
2480 3112 2732 3156 carmen
2777 3092 2916 3157 sine
2947 3103 3120 3157 certo

158 3216 477 3259 versuum
520 3217 787 3259 numero
832 3216 1235 3280 componere.
1324 3191 1723 3279 Quamquam
1765 3192 2160 3280 frequentius
2205 3191 2434 3258 ceteris
2480 3191 2884 3277 stropharum
2926 3216 3120 3278 gene-

156 3297 357 3361 ribus
408 3304 507 3361 est
551 3294 873 3360 distichon
918 3295 1267 3361 vetustiore
1312 3294 1659 3381 scriptione
1714 3295 1819 3359 vel
1865 3292 2128 3379 stropha
2169 3302 2614 3379 quaternorum
2665 3316 2966 3359 versuum
3021 3318 3120 3360 re-

158 3395 486 3479 centiore,
532 3397 924 3483 frequentior
968 3396 1199 3462 ceteris
1242 3396 1629 3482 syllabarum
1674 3398 1954 3463 numeris
2001 3396 2403 3481 septenarius
2447 3395 2514 3458 in
2558 3393 2980 3463 hemistichiis
3013 3397 3116 3461 vel

158 3498 546 3563 versiculis.

340 3599 723 3681 Quaeritur,
790 3620 870 3663 an
943 3598 1229 3683 syllabae
1283 3606 1507 3663 acutae
1564 3607 1631 3662 et
1686 3607 1986 3683 gravatae
2045 3598 2112 3661 in
2173 3597 2510 3663 versiculis
2572 3597 3026 3662 alternaverint
3081 3620 3118 3662 e

148 3712 349 3767 certa
394 3701 558 3785 lege.
642 3700 737 3765 Ut
788 3724 867 3765 ex
924 3700 1326 3766 hemistichio
1384 3708 1791 3785 septenarum
1846 3701 2230 3785 syllabarum
2284 3698 2800 3783 frequentissimo
2862 3699 3118 3764 diversa

146 3803 593 3869 collocatione
637 3814 938 3868 accentus
984 3801 1302 3868 enucleari
1348 3810 1619 3887 possunt
1674 3802 2026 3887 rhythmica
2070 3803 2392 3869 schemata
2435 3800 2578 3881 duo,
2625 3800 2888 3866 alterum
2933 3800 3118 3885 quasi

142 3904 603 3969 trochaicum:

1318 4030 1974 4087 ssussvsswss,

143 4106 364 4195 quasi
410 4074 751 4172 iambicum
797 4105 1089 4173 alterumt

340 4308 438 4372 At
478 4330 601 4373 nec
644 4309 711 4373 in
758 4309 879 4374 hoc
922 4308 1237 4372 versiculo
1288 4311 1383 4373 vel
1434 4309 1837 4374 hemistichio
1881 4332 2004 4374 nec
2048 4310 2113 4373 in
2161 4309 2305 4374 aliis
2361 4306 2632 4394 plurium
2692 4316 2801 4371 aut
2856 4308 3117 4394 paucio-

134 4435 301 4477 rum
364 4408 752 4494 syllabarum
810 4409 1077 4475 eundem
1138 4432 1389 4495 semper
1455 4412 1813 4496 rhythmum
1861 4412 2244 4476 observasse
2289 4410 2585 4474 videntur
2637 4408 2886 4475 hiberni
2944 4420 3113 4475 certe

138 4520 421 4600 poetae,
469 4510 821 4575 alternasse
848 4509 1063 4594 potius
1097 4510 1262 4574 inter
1305 4510 1476 4577 hunc
1518 4512 1621 4575 vel
1666 4514 1839 4577 illum
1889 4513 2090 4598 magis
2135 4511 2429 4577 minusve
2461 4532 2538 4574 ex
2571 4511 2849 4575 arbitrio.
2925 4510 3117 4575 Tam-

136 4612 293 4681 etsi
352 4611 523 4677 enim
580 4614 759 4698 prius
814 4610 1073 4677 schema
1129 4613 1551 4698 conspicuum
1609 4624 1707 4679 est
1762 4616 1830 4679 in
1877 4612 2264 4679 carminibus
2309 4610 2815 4677 Mediolanensis
2871 4612 3118 4677 codicis

138 4717 574 4802 plerumque,
625 4716 695 4778 in
750 4715 1030 4779 carmine
1088 4713 1169 4777 de
1212 4716 1513 4799 passione
1561 4714 1801 4780 Christi
1854 4715 2110 4781 cornico
2158 4735 2439 4798 semper,
2487 4714 2753 4778 alterum
2798 4714 2864 4777 in
2907 4713 3118 4779 Bene-⁶

136 4816 456 4884 dictione
494 4814 882 4895 Hiberniae3
941 4826 1153 4881 tamen
1200 4814 1535 4881 alternatio
1581 4818 1746 4881 inter
1792 4830 2124 4901 utrumque
2166 4815 2387 4899 negari
2431 4815 2542 4880 vix
2581 4824 2796 4901 potest
2836 4814 2900 4879 in
2947 4814 3114 4897 aliis,

142 4932 225 4987 ut
290 4920 363 4983 in
426 4918 648 4983 Fiacci
702 4916 967 5001 Hymno
1022 4917 1089 4979 in
1135 4915 1201 4983 S.
1250 4916 1593 4982 Patricium
1650 4920 1835 5003 primi
1884 4917 2098 4984 statim
2143 4938 2369 4982 versus
2427 4918 2603 5001 prius
2649 4915 3116 4983 hemistichium

138 5022 527 5090 secundum
572 5020 748 5106 prius
796 5018 1053 5084 schema
1096 5017 1223 5103 legi
1272 5019 1478 5100 debet,
1524 5043 1606 5085 ne
1653 5029 1960 5085 acuantur
2005 5018 2290 5102 syllabae
2338 5017 2583 5105 aliquot
2622 5018 3029 5084 formativae:

1146 5114 1385 5187 Ge'nair
1416 5122 1705 5206 pa'traioo
1744 5122 2112 5188 {numm-ur.
