3717 5642
565 385 798 452 XXIV
861 387 1136 451 (XXXIII.
1160 387 1420 454 XXXIV)
1650 407 2031 454 rmus-Ano
2074 407 2431 456 Aucroms.

568 573 1008 641 collectionem
1048 575 1282 641 factam
1325 577 1404 642 ab
1434 575 1758 643 Ildefonso
1803 577 1884 641 ab
1913 577 2055 642 Arx
2095 575 2521 642 bibliothecae
2551 575 2895 664 praefecto,
2939 577 3009 641 in
3035 576 3190 642 tomi
3220 575 3292 642 II
3332 576 3483 642 folio

566 683 692 748 419
738 684 920 752 offert
961 686 1462 752 incantationum
1503 687 1809 752 formulas
1851 686 2246 768 hibernicae,
2300 709 2465 774 quae
2520 687 2588 752 in
2630 689 2843 773 capite
2888 686 2967 752 de
3016 687 3485 752 constructione

563 795 814 880 poetica
855 796 1030 884 typis
1077 819 1422 884 expressae
1467 808 1617 864 sunt
1661 797 1754 883 (p.
1787 797 1963 881 949),
2010 797 2407 882 significatae
2450 799 2520 863 in
2564 798 2687 864 hoc
2730 819 2923 886 opere
2964 796 3099 862 Inc.
3146 795 3254 882 Sg.

737 909 794 970 7.
853 905 1080 974 Codex
1123 907 1402 974 civitatis
1447 907 1931 975 Cameracensis
1980 907 2317 973 distinctus
2359 931 2421 972 n.
2454 911 2579 974 619
2624 907 2904 994 (Cam),
2953 907 3057 973 cui
3100 906 3319 972 insunt
3362 905 3485 990 Ca<

561 1038 761 1082 nones
807 1016 1118 1084 hibernici
1148 1018 1404 1084 concilii
1448 1042 1502 1085 a.
1537 1021 1680 1100 684,
1724 1019 1794 1083 in
1836 1041 1963 1083 uno
2010 1017 2147 1083 solo
2189 1017 2331 1084 loco
2376 1019 2443 1082 in
2476 1019 2685 1085 medio
2714 1019 2876 1084 libro
2921 1027 3135 1084 servat
3174 1019 3482 1084 sermonis

560 1123 874 1192 hibernici
935 1128 1011 1194 de
1055 1129 1480 1215 abnegatione
1537 1129 1955 1214 fragmentum
1999 1129 2425 1194 intermixtum
2485 1129 2821 1194 sententiis
2876 1128 3114 1193 latinis.
3214 1125 3485 1192 Constat

565 1236 644 1301 de
689 1245 892 1303 aetate
947 1238 1220 1319 codicis;
1273 1239 1414 1304 finit
1457 1239 1625 1304 enim
1669 1239 1771 1304 his
1815 1239 2063 1304 verbis:
2148 1230 2288 1324 ‘qui
2334 1239 2553 1306 dicunt
2604 1239 2759 1304 mihi
2816 1263 2975 1325 euge
3020 1261 3199 1322 euge.
3286 1237 3475 1324 Expl.

557 1345 718 1413 liber
762 1370 1072 1415 canonum
1115 1371 1306 1434 quem.
1335 1347 1601 1415 domnus
1631 1349 1973 1416 Albericus
2004 1349 2345 1436 episcopus
2388 1349 2564 1415 urbis
2598 1348 3139 1415 Camaracinsium
3186 1359 3250 1415 et
3272 1350 3481 1414 Adra-

558 1457 901 1525 batinsium
943 1461 1083 1525 fieri
1125 1459 1378 1546 rogavit
1406 1458 1549 1526 Deo
1595 1459 1832 1545 gratias
1877 1450 2119 1525 Amen.³
2219 1458 2508 1524 Praefuit
2549 1461 2892 1547 episcopus
2922 1460 3265 1526 Albericus
3308 1461 3391 1526 ab
3422 1483 3479 1526 a.

561 1567 684 1632 763
727 1592 930 1655 usque
977 1568 1060 1634 ad
1106 1592 1160 1633 a.
1195 1571 1319 1634 790
1363 1569 1631 1635 circiter.
1715 1569 1932 1636 Locus
1974 1570 2101 1635 iam
2141 1569 2317 1656 typis
2360 1569 2711 1656 impressus
2769 1579 2868 1636 est
2922 1571 3095 1656 apud
3135 1569 3478 1650 Pertzium,

553 1675 625 1740 in
668 1679 882 1764 operis
925 1677 1218 1765 inscripti
1301 1669 1570 1745 ‘Archiv
1615 1680 1673 1744 d.
1720 1677 2080 1747 Gesellsch.
2124 1680 2227 1744 ffir
2270 1681 2467 1745 altere
2509 1681 2813 1746 deutsche
2855 1671 3476 1747 Geschichtskunde'

560 1795 604 1852 t.
637 1787 696 1870 8,
741 1811 850 1876 pp.
881 1789 1026 1854 432.
1073 1789 1226 1870 433,
1273 1789 1384 1855 ubi
1424 1799 1638 1855 tamen
1677 1786 2144 1872 Bethmannus,
2198 1789 2309 1876 qui
2367 1790 2623 1856 codices
2668 1789 3167 1857 Camaracenses
3223 1815 3277 1856 a.
3316 1791 3474 1855 1841

551 1897 879 1982 lustravit,
940 1899 1318 1986 scripturam
1379 1898 1518 1965 eius
1563 1899 1806 1966 codicis
1857 1900 2041 1966 malit
2088 1910 2314 1987 putare
2368 1923 2515 1968 esse
2558 1901 2799 1967 saeculi
2856 1901 3027 1968 noni.
3117 1900 3277 1968 Post
3334 1924 3480 1966 eum

557 2005 1036 2075 O’Donovanus
1081 2009 1394 2093 (Gramm.
1437 2009 1569 2076 hib.
1614 2008 1856 2078 Introd.
1903 2011 2097 2097 LIH)
2154 2012 2505 2078 secundum
2544 2011 2958 2078 imitationem
3001 2011 3395 2097 publicatam
3442 2035 3482 2078 a

549 2116 626 2186 C.
656 2117 732 2185 P.
769 2118 1044 2208 Coeper,
1095 2121 1436 2187 secretario
1483 2121 1809 2187 societatis
1841 2122 2106 2187 edendis
2152 2122 2443 2208 anglicae
2470 2121 2775 2188 historiae
2796 2123 3238 2204 monumentis,
3284 2145 3481 2210 quam

546 2252 664 2316 ego
706 2254 838 2296 non
868 2232 1018 2314 vidi,
1067 2231 1356 2298 codicem
1399 2231 1551 2296 item
1595 2233 1853 2298 saeculo
1898 2241 2125 2298 octavo
2158 2232 2461 2298 vindicat.
2546 2231 2629 2298 In
2655 2233 2952 2298 manibus
2981 2235 3145 2300 meis
3190 2242 3290 2300 est
3328 2234 3483 2299 imi-

541 2339 701 2406 tatio
744 2340 813 2406 in
857 2343 1075 2409 charta
1118 2341 1456 2428 pellucida,
1504 2365 1692 2429 quam
1737 2343 1940 2408 debeo
1970 2342 2212 2423 Moni0,
2259 2342 2337 2409 V.
2371 2339 2491 2424 CL,
2540 2343 2644 2408 cui
2674 2343 2937 2410 eandem
2982 2343 3213 2410 obtulit
3240 2342 3481 2411 Warn-

541 2449 773 2538 konig,
828 2453 1106 2521 Lovanii
1149 2455 1466 2540 quondam
1508 2454 1666 2520 iuris
1708 2453 2069 2540 professor,
2128 2453 2229 2518 vir
2284 2452 2363 2518 de
2408 2453 2635 2519 studiis
2678 2453 2983 2520 historiae
3026 2455 3315 2540 belgicae
3356 2477 3483 2542 op-

538 2563 692 2630 time
749 2563 1031 2630 meritus.
1127 2563 1234 2630 Ex
1290 2587 1368 2631 ea
1424 2564 1780 2630 imitatione
1837 2564 2281 2630 sermunculus
2332 2563 2509 2650 typis
2560 2563 2913 2650 impressus
2968 2565 3253 2650 sequitur
3304 2565 3485 2632 infra

537 2673 608 2739 in
650 2675 1026 2762 appendice.

563 2772 570 2781 “
705 2784 1010 2872 Belgicae
1057 2785 1356 2872 regiones
1402 2795 1468 2851 et
1493 2785 1742 2851 vicinas
1785 2785 2051 2871 gallicas
2094 2783 2359 2866 multum
2400 2783 2834 2869 frequentatas
2874 2783 3077 2852 fuisse
3123 2786 3202 2852 ab
3230 2785 3487 2852 Hiber·

539 2895 677 2977 nie,
721 2895 851 2961 iam
893 2896 1156 2961 nomina
1194 2895 1421 2963 Fefrus
1463 2896 1570 2961 vel
1610 2894 1937 2977 Fiacrius,
1987 2893 2349 2976 Chillenus,
2393 2892 2707 2975 Furseus,
2767 2893 3071 2978 Ultanus,
3115 2895 3483 2982 Foillanus,

536 3005 860 3071 celebrata
897 3005 1218 3072 Latiniaci
1265 3028 1464 3094 prope
1505 3003 1812 3088 Parisios,
1857 3004 2118 3087 Meldis,
2165 3003 2473 3086 Per-onae,
2519 3003 2781 3086 Fossis,
2829 3005 3265 3088 Atrebatibus,
3312 3029 3487 3074 con·-

533 3115 801 3199 firmant‚
847 3126 1212 3182 sanctorum
1249 3115 1711 3198 Hibernorum,
1768 3115 1879 3201 qui
1922 3115 2159 3181 ibidem
2202 3115 2269 3180 in
2312 3115 2729 3201 propaganda
2784 3125 2846 3180 et
2888 3115 3273 3184 stabilienda
3314 3117 3489 3183 reli·

536 3226 726 3311 gione
771 3226 1120 3292 christiana
1161 3227 1527 3292 laborarunt
1579 3226 1730 3292 inde
1787 3249 1826 3291 a
1864 3225 2072 3292 medio
2130 3223 2373 3292 saeculi
2418 3226 2673 3313 septimi
2725 3225 3000 3304 (Mabill.
3043 3227 3216 3292 Acta
3254 3225 3491 3294 Bene-

538 3335 690 3403 dict.
741 3358 908 3405 saec.
959 3338 1017 3418 2,
1060 3337 1202 3402 287.
1236 3338 1379 3402 573.
1415 3336 1602 3420 591),
1659 3337 1905 3422 aliquot
1948 3335 2277 3401 decenniis
2319 3337 2773 3422 praeterlapsis
2820 3345 3159 3423 postquam
3202 3335 3494 3404 Colum-

531 3445 736 3513 banus
790 3455 854 3512 et
897 3443 1128 3514 Gallus
1173 3446 1464 3532 sociique
1512 3445 1826 3530 Galliam,
1872 3443 2257 3526 Helvetiam,
2316 3444 2567 3511 Italiam
2623 3456 3037 3532 peragrantes
3080 3452 3501 3517 monasteria

525 3555 904 3640 Luxovium,
951 3555 1174 3624 Sancti
1207 3556 1399 3640 Galli,
1445 3557 1717 3624 Bobium
1758 3557 2182 3638 instituerant,
2230 3563 2295 3620 et
2320 3555 2513 3641 paulo
2558 3565 2705 3622 ante
2750 3579 2939 3644 quam
2971 3556 3271 3624 Kilianus
3316 3581 3497 3628 cum

532 3665 728 3734 sociis
773 3665 1082 3740 Totmano
1129 3679 1193 3734 et
1233 3666 1544 3735 Colmano
1590 3667 1748 3752 (hib.
1793 3665 2062 3732 Totma'n
2106 3688 2147 3731 a
2188 3668 2361 3730 totim
2417 3688 2480 3751 p.
2514 3667 2656 3748 268,
2706 3664 2965 3732 Colma'n
3006 3697 3071 3722 =
3117 3667 3497 3738 Columba'n

525 3801 566 3842 a
592 3777 792 3841 colum
833 3801 895 3864 p.
930 3779 1076 3860 789,
1127 3800 1290 3865 quae
1319 3778 1555 3845 formae
1596 3778 1955 3856 nominum?
1969 3775 2423 3861 praeferendae
2452 3785 2603 3841 sunt
2642 3776 2862 3843 formis
2886 3775 3205 3844 Totnamw
3246 3790 3313 3846 et
3342 3781 3501 3848 Co-

527 3889 795 3968 lonum-‘53
843 3887 922 3953 cf.
968 3887 1174 3954 Eckh.
1219 3887 1326 3954 Fr.
1358 3888 1470 3956 Or.
1521 3891 1576 3972 1,
1608 3889 1752 3970 274,
1798 3887 1967 3953 Boll.
2010 3885 2130 3950 Iul.
2156 3887 2215 3969 2,
2250 3885 2405 3971 601)
2449 3883 2925 3972 Wirziburgum
2970 3899 3301 3956 venerunt.

691 3996 948 4082 Lingua
989 3997 1216 4064 horum
1245 3998 1538 4064 codicum
1580 3996 1856 4063 omnium
1900 3995 2375 4062 tribuendorum
2418 4003 2531 4060 aut
2574 3997 2829 4063 saeculo
2860 4007 3087 4065 octavo
3132 4009 3243 4064 aut
3281 4023 3503 4072 nono

524 4106 770 4172 ineunti
801 4116 901 4173 est
921 4130 1051 4172 una
1071 4107 1436 4194 eademque,
1468 4109 1688 4174 formis
1723 4107 1860 4173 suis
1892 4116 1956 4172 et
1982 4105 2220 4192 regulis
2242 4105 2434 4171 certis
2466 4106 2965 4192 circumscripta,
2998 4107 3219 4194 lingua
3237 4109 3504 4179 hiber-

524 4218 674 4283 nica
701 4225 972 4284 vetusta.
1049 4217 1222 4285 Satis
1253 4226 1495 4284 certum
1524 4227 1589 4282 et
1615 4217 2021 4303 perspicuum
2052 4224 2165 4298 est,
2211 4216 2336 4280 iam
2379 4215 2645 4302 pridem,
2692 4237 2837 4282 cum
2866 4225 3163 4303 quattuor
3192 4219 3507 4292 dialecti

531 4336 824 4414 quattuor
868 4326 1246 4414 populorum
1287 4327 1734 4413 principalium
1779 4325 2137 4392 Hiberniae
2182 4325 2433 4391 differre
2477 4335 2543 4390 et
2584 4326 2891 4413 distingui
2938 4341 3285 4415 coeperunt
3324 4341 3515 4404 tani

515 4459 556 4501 a
603 4459 675 4502 se
721 4457 907 4523 quam
952 4459 990 4502 a
1031 4437 1407 4502 formatione
1449 4437 1706 4524 linguae
1751 4436 2111 4502 communis
2137 4434 2389 4519 prioris,
2433 4435 2600 4502 hanc
2642 4439 2963 4522 cognitam
2990 4440 3516 4516 recentioribus

517 4545 880 4612 hominibus
925 4567 960 4611 e
991 4546 1176 4614 libris
1218 4549 1510 4630 vetustis,
1557 4557 1626 4611 ut
1666 4546 1917 4632 legibus
1961 4544 2247 4630 aliisque,
2297 4569 2337 4610 a
2364 4547 2623 4613 nomine
2668 4548 2876 4632 gentis
2920 4549 3287 4615 vetustioris
3316 4561 3519 4625 tum

517 4656 958 4722 obsolescente
991 4657 1414 4744 significatam
1456 4679 1602 4724 esse
1654 4655 2167 4722 denominatione
2198 4654 2393 4719 Be'rla
2424 4655 2604 4738 Fene,
2652 4656 2909 4743 linguae
2940 4657 3298 4743 Feniorum,
3350 4671 3529 4738 vel

515 4766 772 4832 dialecti
813 4765 1165 4834 fenianae.¹'
1249 4767 1327 4834 In
1371 4765 1822 4854 orthographia
1880 4773 2127 4831 tantum
2180 4766 2699 4833 animadvertitur
2740 4769 3017 4836 variet-as
3073 4771 3288 4857 aliqua
3342 4797 3529 4846 Ve-

641 5059 664 5080 ·
714 5057 1027 5112 Memoratur
1070 5055 1128 5108 in
1170 5053 1360 5108 Annei.
1384 5052 1484 5108 ·1v.
1535 5053 1761 5122 magistr.
1807 5053 1873 5107 ad
1920 5069 1965 5104 a.
2003 5055 2103 5105 935
2148 5070 2234 5121 ap.
2286 5052 2473 5107 o'con.
2516 5058 2575 5118 3,
2609 5057 2740 5106 461ε
2796 5051 3093 5110 h'innachta
3136 5072 3236 5112 mc.
3288 5059 3539 5131 (ἔφη,

503 5141 781 5198 οοηιήανὸα
816 5142 984 5198 Deire
1017 5157 1120 5212 esp.
1159 5145 1187 5193 ’1
1232 5141 1349 5193 saci
1381 5139 1484 5192 ber
1500 5140 1562 5192 la
1597 5136 1762 5192 Fene
1803 5137 2174 5202 (Fiunachtaus
2220 5139 2256 5194 f.
2302 5138 2532 5192 Cellachi
2583 5139 2808 5193 vicarius
2856 5139 3121 5195 Deru-ensis
3169 5143 3539 5220 episcop„s

497 5237 552 5285 et
599 5233 805 5302 sapiens
853 5231 908 5286 in
955 5231 1132 5300 lingua
1165 5227 1485 5292 Feniorum),
1539 5227 1757 5295 scriptor
1798 5225 1995 5279 celeber
2034 5225 2185 5278 credo
2224 5225 2281 5278 in
2312 5225 2482 5292 patria
2534 5227 2739 5296 lingua.
2812 5229 2953 5281 Alias
2998 5230 3223 5282 occurrit
3255 5247 3545 5307 nomeu
