3717 5642
678 369 715 430 7
721 369 798 432 52
866 370 1013 433 (⁷14)
1299 367 1415 434 IV.
1461 370 1520 432 4.
1585 387 2009 436 marronam
2054 389 2435 438 Nnc-Anus
2480 391 2959 441 smum-uma.

849 551 1191 620 Cornica
1233 554 1547 640 exempla:
1598 557 1671 639 ef
1702 581 1741 620 α
1787 557 1935 640 doys
1960 607 1973 620 .
2002 609 2013 620 .
2043 607 2058 621 .
2094 581 2252 644 qam
2302 557 2405 622 σ”ει
2460 583 2543 623 na
2585 581 2695 645 vye
2736 563 2918 645 ἐγερῶ
2976 560 3281 646 (iuravit,
3338 585 3405 628 se
3446 583 3579 628 cum

679 653 935 720 Christo
988 679 1118 720 non
1175 678 1319 720 esse
1371 655 1706 740 moratum)
1753 655 1826 722 P.
1871 660 1973 741 85,
2019 662 2079 725 4.
2145 675 2216 742 33
2269 661 2543 744 demptye
2577 661 2794 746 9u3yll
2826 662 2981 747 peyk
3024 662 3136 726 neb
3188 687 3273 728 na
3310 665 3436 749 ylly
3478 665 3579 747 (ad

677 756 1105 843 temptandum
1153 779 1314 839 eum,
1361 757 1467 842 qui
1511 757 1722 823 facere
1765 771 2099 844 peccatum
2141 785 2271 826 non
2314 761 2588 846 poterat)
2633 762 2733 843 20,
2766 765 2824 825 4.
2882 775 2939 826 te
2976 785 3151 826 reson
3192 766 3335 848 syth
3375 789 3411 828 a
3455 769 3581 829 dm

678 881 866 944 eraya
896 861 1024 944 J‘Jyn
1065 884 1150 923 na
1190 860 1454 945 yewsyth
1496 859 1699 944 (quod
1740 871 1810 923 tu
1850 862 2085 926 nullam
2117 864 2425 927 rationem
2469 873 2693 926 contra
2724 885 2833 928 eos
2866 863 3049 945 dicis,
3092 864 3317 950 miror)
3365 869 3497 948 120,
3526 869 3576 931 2.

676 973 730 1023 te
771 984 854 1024 na
881 960 1074 1044 yllfftk
1104 975 1357 1042 omwe‘je
1407 960 1527 1044 (ita
1573 970 1640 1023 ut
1681 971 1750 1024 tu
1791 984 1921 1025 non
1952 963 2166 1048 possis
2198 963 2453 1048 cavere)
2500 965 2599 1045 20,
2634 965 2690 1028 3.
2746 989 2831 1028 πα
2872 989 2942 1028 ve
2972 959 3070 1029 bos
3096 969 3239 1052 fale
3267 993 3350 1032 an
3378 971 3579 1032 denma

675 1061 833 1146 (nisi
877 1071 1050 1126 esset
1088 1061 1287 1126 falsus
1331 1060 1436 1126 hic
1478 1061 1695 1142 homo)
1738 1063 1837 1143 99,
1872 1064 1931 1126 2.
2019 1065 2189 1128 Ante
2234 1063 2489 1130 vocales
2534 1067 2789 1130 cornice
2829 1063 3049 1132 NAG:
3094 1067 3217 1152 kyn
3242 1071 3453 1156 myoff
3476 1073 3577 1132 den

673 1163 928 1247 elce1atyll
980 1161 1390 1250 (quamquam
1445 1187 1575 1227 non
1631 1186 1768 1228 sum
1813 1163 2003 1229 homo
2050 1165 2339 1251 sapiens)
2401 1165 2473 1230 Ρ.
2517 1168 2575 1250 8,
2625 1173 2679 1232 1.
2742 1189 3001 1252 musone
3052 1171 3247 1254 cusyll
3288 1195 3443 1256 nayo
3488 1195 3579 1234 vax

675 1265 1014 1351 (ceperunt
1055 1265 1412 1345 consilium,
1459 1265 1627 1350 quod
1671 1288 1802 1329 non
1847 1274 1984 1330 erat
2027 1264 2286 1347 bonum)
2330 1266 2429 1346 31,
2465 1268 2521 1332 3.
2611 1267 2849 1333 Tamen
2894 1270 3085 1333 etiam
3114 1270 3275 1335 NA:
3322 1273 3577 1357 uynytlaa

672 1391 757 1431 mz-
799 1367 910 1451 qffo
955 1367 1091 1430 conl
1143 1366 1245 1451 (ut
1284 1389 1607 1452 nunquam
1652 1367 1830 1432 bibat
1868 1367 2001 1452 ius)
2048 1367 2128 1432 D.
2180 1369 2359 1432 1620.
2424 1369 2561 1432 then
2604 1369 2719 1432 dm·
2752 1392 2920 1454 φνας
2974 1394 3057 1434 πα
3096 1371 3436 1456 ymwlaeelas
3481 1373 3581 1456 (ad

675 1476 906 1532 terram
949 1489 1064 1532 cur
1105 1491 1206 1533 me
1250 1491 1383 1533 non
1424 1467 1826 1554 prosterno?)
1873 1467 1953 1532 D.
1986 1468 2170 1533 2594.

841 1569 1331 1635 Aremorica:
1377 1571 1502 1634 euit
1541 1595 1704 1633 vnan
1747 1593 1830 1633 na
1874 1570 2019 1654 day,
2061 1571 2389 1655 palamour
2430 1593 2645 1635 saecun
2690 1573 2773 1634 da
2822 1595 2981 1634 onan
3023 1596 3107 1635 na
3139 1574 3267 1658 day
3309 1575 3583 1659 (propter

675 1669 977 1757 aliquem,
1035 1671 1144 1757 qui
1185 1693 1315 1735 non
1357 1670 1601 1755 veniet)
1644 1669 1807 1736 Buh.
1849 1673 1907 1752 4,
1942 1671 2041 1735 20.
2088 1673 2146 1753 6,
2184 1675 2278 1736 11.
2350 1693 2489 1736 men
2540 1693 2677 1756 scoy
2730 1694 2915 1736 orenn
2966 1693 3127 1756 quen
3180 1687 3321 1738 tenu
3366 1675 3591 1757 ennhaj

675 1795 758 1835 πα
798 1771 968 1858 qallo
1011 1794 1084 1835 en
1125 1772 1270 1857 scas
1284 1772 1546 1856 flachaf
1573 1785 1712 1857 quet
1757 1771 2109 1858 (impellam
2154 1795 2301 1838 eum
2340 1782 2471 1838 tam
2514 1775 2744 1840 acriter
2785 1775 2853 1839 in
2898 1796 3057 1856 eum,
3102 1785 3173 1840 ut
3212 1798 3347 1841 non
3387 1775 3585 1861 possit

675 1873 962 1938 celeriter
1006 1872 1284 1957 deflecti)
1327 1872 1463 1938 MJ.
1500 1876 1619 1941 138
1631 1897 1686 1938 a.
1759 1876 1934 1940 Ante
1977 1876 2234 1942 vocales
2276 1875 2428 1940 item
2456 1873 2659 1956 NAC‚
2707 1873 2928 1942 NAG:
2972 1879 3188 1960 eoezaf
3219 1901 3259 1940 a
3284 1877 3454 1963 yraf
3482 1897 3585 1938 nac

674 1974 796 2057 ouf
827 1974 1048 2055 clafhet
1091 1974 1314 2058 (miror
1357 1976 1528 2061 quod
1567 1999 1697 2040 non
1742 1998 1879 2040 sum
1924 1999 2113 2062 aeger
2154 1975 2392 2061 factus)
2422 1975 2556 2042 MJ.
2589 1977 2713 2042 223
2727 2000 2782 2042 a.
2830 1977 3077 2062 byscoaz
3120 2000 3151 2042 e
3176 1999 3247 2042 re
3274 2001 3399 2064 naq
3431 2001 3582 2042 oann

647 2073 836 2166 ‚bezet
876 2075 1228 2162 (nunquam
1273 2077 1408 2142 eius
1453 2076 1767 2142 hominem
1809 2099 1911 2142 me
1951 2077 2181 2162 fuisse)
2234 2080 2432 2159 197a3
2475 2077 2800 2144 rarissime
2842 2077 3033 2143 NAD
3078 2077 3189 2163 (cf.
3235 2101 3299 2165 p.
3333 2079 3506 2163 550).

842 2174 942 2241 De
986 2176 1254 2243 formula
1296 2201 1474 2242 na—
1490 2200 1632 2242 mar
1673 2178 2026 2264 (quamvis)
2070 2179 2197 2245 vid.
2246 2203 2440 2266 supra
2480 2180 2573 2266 (p.
2608 2180 2781 2264 724).

841 2277 900 2341 3.
962 2275 1322 2344 Particulae
1366 2279 1799 2346 dehortativae
1841 2279 2046 2344 forma
2086 2279 2347 2364 paulum
2392 2281 2600 2346 differt
2640 2283 2709 2346 in
2754 2283 3075 2348 sententia
3114 2292 3308 2348 recta.

845 2378 1258 2446 Cambrica
1305 2381 1449 2462 NA,
1496 2391 1642 2446 ante
1688 2381 1944 2448 vocales
1986 2379 2198 2449 NAC:
2246 2406 2328 2447 na
2374 2385 2480 2446 dos
2520 2385 2729 2448 ditheu
2767 2407 2896 2470 yny
2933 2386 3122 2470 yyvyl
3160 2387 3231 2467 eff
3265 2385 3455 2468 (cave
3486 2405 3585 2448 eas

673 2482 834 2546 tuin
864 2481 1253 2548 vicinitatem
1295 2483 1487 2565 illius,
1536 2483 1766 2568 equitis
1783 2483 1831 2568 l)
1876 2482 2049 2548 Mab.
2086 2486 2139 2563 1,
2179 2484 2319 2548 248.
2378 2509 2461 2548 na
2506 2497 2573 2550 at
2614 2487 2725 2550 neb
2769 2488 2883 2572 (ne
2912 2486 3141 2552 siveris
3187 2486 3587 2571 quemquam)

674 2586 731 2666 2,
765 2587 865 2649 25.
931 2609 1015 2648 na
1060 2586 1282 2671 okeryd
1323 2589 1393 2648 ui
1431 2607 1514 2668 ny
1555 2585 1792 2668 «pydum
1848 2585 1877 2645 z·
1916 2585 2123 2670 hynny
2178 2585 2340 2670 (noli
2396 2589 2781 2673 opprobrare
2823 2589 3005 2654 mihi!
3064 2588 3435 2653 nesciebam
3478 2609 3586 2670 ego

673 2687 878 2771 istud)
929 2690 984 2768 1,
1030 2686 1170 2751 287.
1236 2685 1462 2772 kyrchu
1520 2709 1563 2772 y
1617 2686 2033 2770 llamkystaen.
2112 2685 2216 2750 Na
2260 2689 2481 2772 aleym-la
2531 2690 2642 2753 heb
2679 2712 2723 2775 y
2762 2693 2995 2777 yereint
3038 2689 3321 2773 (sumere
3367 2689 3585 2766 nisum,

673 2790 884 2876 coepit
926 2809 1140 2873 eques.
1227 2786 1326 2851 Ne
1371 2786 1747 2874 sumpseris!
1793 2787 2001 2873 inquit
2043 2785 2158 2871 G.)
2200 2791 2257 2870 2,
2293 2791 2391 2853 16.
2444 2815 2564 2854 nae
2600 2791 2939 2876 gqmchoeldi
2977 2789 3332 2873 dracmam
3375 2787 3489 2872 (ne
3530 2801 3586 2851 te

673 2893 940 2956 verteris
983 2901 1152 2954 retro
1169 2888 1216 2972 !)
1272 2890 1329 2968 2,
1372 2889 1472 2954 36.
1540 2911 1656 2953 nac
1697 2891 1854 2953 ezech
1898 2889 2127 2955 bellach,
2168 2892 2375 2977 Itynny
2430 2891 2659 2976 (nolite
2699 2897 2887 2978 porro
2932 2891 3025 2956 ire
3068 2889 3189 2973 ita)
3236 2891 3293 2969 3,
3338 2891 3442 2955 33.
3510 2913 3583 2952 na

673 2993 758 3054 τῶι
801 2991 912 3075 (ne
956 2990 1068 3075 sit)
1116 2991 1173 3072 2,
1219 2991 1361 3055 375.
1404 2991 1548 3070 383.
1617 3017 1696 3054 na
1737 2993 1935 3056 wiwet
1972 3041 1985 3056 .
2013 3044 2026 3057 .
2062 3043 2075 3056 .
2120 2995 2253 3058 dim
2289 2996 2584 3078 ymdanei
2624 2995 2737 3077 (ne
2780 2995 3001 3059 induat
3042 2991 3167 3060 sibi
3213 2991 3582 3077 quidquam)

675 3095 732 3172 2,
767 3095 864 3157 20.
955 3093 1115 3157 Item
1159 3102 1306 3156 ante
1351 3093 1846 3157 coniunctivum:
1894 3118 1978 3156 ua
2020 3096 2243 3158 rodker
2282 3118 2409 3179 yny
2453 3096 2552 3158 del
2586 3098 2819 3180 yereint
2864 3096 2975 3180 (ne
3020 3095 3219 3173 detur,
3264 3093 3441 3157 cervi
3486 3114 3581 3156 ca-

675 3204 805 3278 put,
853 3193 1058 3258 donec
1100 3195 1346 3259 venerit
1387 3193 1501 3278 G.)
1547 3197 1603 3274 2,
1638 3195 1736 3258 22.
1806 3219 1891 3256 na
1934 3196 2309 3282 disyynnyclz
2352 3196 2463 3280 (ne
2508 3196 2947 3281 descenderis)
2992 3199 3048 3276 2,
3088 3199 3183 3260 19.

841 3295 1016 3360 Alibi
1063 3305 1294 3376 tamen,
1341 3306 1409 3360 ut
1450 3296 1514 3360 in
1547 3295 1875 3361 hibernica
1916 3297 2137 3383 lingua
2184 3305 2447 3378 vetusta,
2494 3297 2899 3362 coniunctivo
2942 3297 3297 3385 praemissa
3338 3294 3580 3359 inveni-

671 3403 774 3458 tur
817 3395 970 3459 NY:
1015 3419 1099 3481 ‘ny
1143 3399 1212 3461 bo
1250 3419 1514 3482 yressaw
1559 3399 1697 3460 clueo
1739 3398 1961 3482 wrthyt
2004 3397 2115 3482 (ne
2162 3400 2245 3463 sit
2288 3399 2582 3463 salutatio
2626 3398 2729 3464 dei
2770 3399 2947 3482 tibi!)
2990 3396 3166 3463 Mab.
3217 3401 3269 3477 1,
3304 3397 3452 3460 292.
3509 3417 3581 3476 ny

671 3497 741 3560 bo
787 3497 1068 3560 bertlzacla
1114 3491 1254 3581 byth
1293 3523 1335 3581 y
1382 3499 1524 3562 bocla
1568 3499 1722 3561 ckwi
1759 3521 1838 3561 no
1868 3500 2113 3564 minneu
2164 3500 2275 3584 (ne
2306 3499 2714 3566 formosiores
2746 3519 3017 3584 unquam
3063 3497 3206 3562 sitis
3252 3519 3369 3563 vos
3402 3518 3580 3582 quam

671 3599 822 3683 ego)
869 3599 925 3677 2,
959 3600 1100 3664 215.
1157 3611 1264 3684 nyt
1305 3601 1435 3664 ami
1469 3621 1555 3683 yn
1598 3621 1734 3683 uyw
1771 3601 1863 3683 yd
1903 3601 2019 3663 αΙιο
2062 3601 2137 3685 es
2165 3601 2277 3684 (ne
2322 3624 2418 3666 me
2461 3602 2611 3666 vivo
2656 3611 2761 3666 eat
2800 3597 2939 3681 ille)
2984 3599 3043 3678 2,
3077 3598 3219 3662 245.

840 3698 1206 3767 Cornica:
1253 3725 1338 3764 na
1380 3721 1514 3764 wra
1557 3722 1640 3762 na
1683 3721 1820 3785 moy
1853 3702 2057 3785 peylta
2100 3701 2261 3786 (noli
2306 3703 2573 3788 amplius
2620 3700 2917 3788 peccare)
2958 3698 3033 3764 P.
3064 3700 3166 3777 34,
3201 3703 3262 3762 4.
3332 3721 3421 3760 na
3466 3698 3579 3760 the-

665 3801 868 3887 youylz
907 3823 1009 3864 sor
1045 3824 1130 3886 yn
1169 3803 1369 3887 yolon,
1412 3825 1496 3865 na
1540 3801 1821 3887 theqovylz
1861 3822 1964 3865 sor
2000 3825 2087 3888 yn
2130 3805 2297 3867 colon
2342 3804 2569 3888 (nolite
2614 3815 2867 3890 portare
2909 3801 3069 3865 iram
3111 3799 3179 3863 in
3224 3797 3449 3883 corde)
3482 3799 3573 3874 37,

677 3906 728 3964 1.
786 3899 869 3966 D.
907 3901 1054 3967 539.
1129 3925 1212 3965 na
1257 3926 1328 3967 as
1371 3912 1532 3986 troya
1573 3923 1656 3964 na
1700 3902 1846 3986 leyff
1883 3927 1970 3968 na
2013 3925 2083 3968 vo
2120 3906 2331 3990 qolkys
2382 3905 2494 3988 (ne
2538 3903 2831 3970 omiseris
2876 3902 3099 3989 pedem
3154 3907 3267 3964 aut
3307 3920 3574 3974 manum,

672 4002 822 4089 quin
885 4002 1159 4088 lavetur)
1215 4003 1289 4068 P.
1332 4004 1431 4084 46,
1474 4002 1534 4068 4.
1607 4027 1690 4066 -na
1748 4004 2015 4089 ve3ou9h
2064 4007 2487 4089 dyscomsbrtie
2537 4006 2649 4090 (ne
2706 4005 2847 4069 sitis
2907 3999 3286 4090 perturbati)
3344 4001 3487 4078 255,
3530 4003 3573 4060 l.

669 4102 912 4168 Eadem
955 4105 1155 4168 forma
1197 4103 1434 4170 servari
1479 4103 1728 4168 videtur
1771 4115 1919 4171 ante
1963 4105 2246 4171 vocales:
2295 4131 2377 4171 ua
2420 4109 2481 4170 ol
2522 4106 2681 4190 (noli
2710 4104 2893 4188 flere)
2934 4102 3011 4168 R.
3045 4103 3187 4167 853.
3240 4125 3325 4164 ua
3369 4099 3573 4184 olouyh
3657 4181 3658 4202 ἢ

673 4205 898 4290 (nolite
941 4206 1122 4290 flere)
1167 4203 1249 4270 D.
1283 4205 1468 4270 2640.

835 4307 1320 4372 Aremorica:
1367 4329 1450 4370 na
1489 4329 1606 4390 qra
1650 4318 1791 4389 quet
1818 4329 1887 4391 ⁸2!
1929 4307 2089 4391 (noli
2137 4307 2455 4393 dubitare)
2496 4308 2632 4375 MJ.
2664 4311 2813 4373 522.
2874 4330 2959 4370 na
2996 4318 3188 4389 rete-31
3230 4303 3461 4387 (nolite
3491 4302 3573 4383 d.)
3657 4355 3658 4396 ζ

673 4412 816 4474 loa.
857 4411 1044 4474 188⁸..
1079 4410 1273 4474 226b.
1331 4431 1415 4471 ua
1452 4409 1582 4493 yric
1624 4408 1734 4489 dis
1765 4407 1963 4490 caffou
2006 4433 2091 4472 na
2118 4432 2386 4473 saouean
2428 4410 2541 4494 (ne
2571 4410 2861 4496 pararitis
2904 4407 3060 4472 mihi
3103 4427 3289 4470 curas
3336 4415 3447 4470 aut
3474 4403 3571 4468 do·

670 4510 901 4594 lorem)
931 4511 1095 4576 Buh.
1129 4513 1228 4592 38,
1262 4511 1362 4574 21.
1417 4509 1560 4572 ἄνει)
1588 4556 1602 4570 .
1638 4559 1652 4572 .
1686 4557 1700 4571 .
1732 4533 1818 4572 na
1851 4511 2057 4574 tardet
2082 4533 2231 4596 muy
2274 4512 2536 4596 (venite,
2581 4536 2663 4576 ne
2692 4510 3011 4576 tardaritis
3042 4505 3348 4591 amplius)
3396 4509 3490 4585 76,
3521 4508 3571 4567 6.

671 4635 754 4676 na
795 4635 896 4676 vez
939 4625 1082 4696 quet
1122 4625 1360 4677 coaetus
1402 4608 1564 4694 (noli
1611 4631 1756 4674 esse
1801 4611 2202 4696 ambitiosus)
2248 4615 2347 4696 68,
2382 4615 2438 4678 8.
2526 4614 2669 4680 Non
2715 4613 2923 4679 differt
2961 4610 3159 4675 forma
3200 4618 3351 4673 ante
3400 4630 3569 4674 voca-
3657 4663 3658 4666 ,

671 4713 797 4778 les:
843 4738 930 4779 na
972 4715 1126 4779 elman
1169 4723 1316 4797 quet
1358 4709 1521 4795 (noli
1566 4711 1899 4795 cunctari),
1946 4737 2029 4777 na
2072 4735 2233 4779 esma
2276 4727 2417 4798 quet
2458 4714 2620 4800 (noli
2662 4713 2913 4798 timere)
2956 4709 3119 4776 Buh.
3148 4709 3211 4789 4,
3244 4711 3304 4775 2.
3358 4713 3489 4790 146,
3520 4711 3570 4772 6.

837 4816 896 4880 4.
963 4814 1289 4880 Particula
1328 4811 1716 4900 prohibitiva
1759 4815 2133 4881 subiunctas
2180 4818 2533 4882 sententiae
2578 4816 2893 4884 cambrice
2939 4808 3272 4896 suppletur
3316 4833 3569 4896 praep-o-

669 4916 898 4982 sitione
941 4940 1052 4981 rac
1106 4939 1250 4982 cum
1293 4913 1610 4979 infinitivo
1665 4916 1841 4980 verbi
1884 4918 2135 5003 positae
2181 4918 2273 5005 (p.
2306 4919 2489 5002 678):
2552 4921 2715 5006 yletgy
2758 4941 2833 4983 eu
2874 4937 2941 4980 ev·
2982 4910 3283 4977 escubaur
3326 4911 3569 4995 ebrenyn

667 5041 779 5082 rac
820 5020 961 5083 dale
1001 5043 1140 5083 mue
1180 5043 1260 5084 αν
1298 5018 1505 5104 yaclar
1548 5016 1883 5101 (habitatio
1930 5020 2097 5101 eius,
2154 5021 2516 5105 falconarii,
2575 5033 2676 5088 est
2718 5022 3009 5086 horreum
3052 5011 3255 5098 regis,
3318 5046 3399 5088 ne
3442 5015 3563 5083 offi·
3657 5047 3658 5064 ἢ

667 5120 792 5186 ciat
833 5121 1042 5186 fumus
1090 5123 1226 5187 eius
1271 5119 1526 5203 avibus)
1557 5119 1713 5206 Leg.
1755 5124 1804 5202 1,
1843 5123 1937 5202 10,
1970 5124 2028 5184 4.
2082 5121 2541 5208 ylcymerassam
2582 5126 3367 5216 kycyyylwe·...ynam9en.
3395 5178 3407 5193 .
3436 5147 3567 5192 ,νας
3657 5187 3658 5222 3
