3717 5642
1054 377 1176 446 III.
1219 379 1280 446 2.
1345 397 1565 446 vuum
1607 393 1787 446 sm.
1830 394 2179 446 mouns.
2488 382 2624 444 (547.
2646 383 2765 434 548·
2788 383 2909 446 552)
2969 383 3089 448 591

216 570 282 653 dy
319 569 580 654 lemenyd
613 565 920 653 ydodwyfi
953 587 1104 651 yma
1146 565 1336 651 (deus
1378 564 1502 632 scit
1539 586 1668 631 non
1711 565 1794 630 ad
1825 566 2249 651 quaerendam
2278 576 2451 632 tuam
2493 566 2799 634 laetitiam
2842 589 2943 634 me
2984 590 3095 634 ve-

213 671 362 736 nisse
399 669 550 755 huc)
599 670 788 750 1,·37.
842 690 920 731 ar
951 669 1206 754 yeniuer
1247 669 1373 752 dyn
1416 667 1631 731 adoeth
1666 688 1807 752 9ηο.
1853 689 1937 752 ny
1978 667 2195 753 dodyw
2222 669 2366 752 vytle.
2396 669 2747 753 dracheuyn
2788 668 2885 753 (et
2912 679 3093 756 quot-

211 783 338 856 quot
374 772 659 839 homines
710 777 1020 836 venerunt
1061 791 1167 850 eo,
1213 791 1343 834 non
1383 777 1776 834 reverterunt
1813 769 2123 854 unquam)
2168 769 2225 852 2,
2260 771 2358 834 62.
2426 794 2503 835 ac
2544 793 2621 834 ar
2663 771 2869 856 hynny
2902 773 3092 856 ,ydoe-

211 873 342 958 tkyw
377 874 708 958 yniueroed
741 893 822 958 yr
865 883 930 956 ty
975 869 1072 952 (et
1115 870 1346 937 deinde
1389 879 1701 936 venerunt
1743 869 1967 956 copiae
2011 869 2091 934 ad
2138 871 2422 957 domum)
2468 873 2527 954 3,
2560 874 2659 936 96.

347 996 398 1038 c.
453 973 664 1060 Sing.:
706 993 1114 1060 quyweraw
1155 973 1542 1036 awneuthum
1585 969 1842 1057 (parare
1884 971 2029 1052 feci,
2078 972 2311 1058 coepi),
2358 974 2637 1038 acher-det
2676 995 2719 1058 9
2758 973 2925 1057 fford
2967 997 3095 1038 aw-

209 1077 470 1139 neutlmm
512 1075 610 1161 (et
651 1074 902 1161 perrexi
945 1071 1114 1156 via),
1169 1073 1467 1158 dynessau
1509 1072 1897 1136 awneutkum
1939 1085 2127 1138 attaw
2184 1073 2721 1162 (appropinquavi
2768 1076 2861 1159 ei)
2916 1075 2985 1138 Μ
2992 1077 3090 1140 ab.

211 1180 256 1256 1,
280 1178 337 1241 3.
397 1201 438 1240 a
477 1177 672 1242 vnben
713 1176 822 1241 heb
864 1176 933 1239 ln·
970 1172 1284 1260 amybevw
1331 1196 1375 1258 9
1413 1175 1780 1260 qumaethost
1835 1174 1905 1258 (o
1948 1177 2288 1264 princeps,
2332 1177 2542 1263 inquit
2584 1198 2677 1256 ea,
2726 1177 2959 1242 iniuste
3002 1177 3093 1242 fe-

209 1278 359 1362 cisti)
403 1282 456 1358 1,
493 1279 639 1343 294.
697 1300 786 1364 pa
830 1278 997 1340 drwc
1031 1275 1303 1362 diyoneis
1341 1275 1526 1338 inheu
1563 1276 1686 1360 (qui
1734 1297 1867 1360 pan
1929 1279 2151 1342 umelut
2201 1279 2387 1342 titheu
2424 1279 2573 1362 ymi.
2628 1300 2704 1341 ac
2750 1277 3091 1364 ymleysoeth

205 1379 326 1462 byth
351 1381 713 1444 awnaethoot
739 1379 932 1443 hediw
970 1377 1154 1464 (quid
1186 1375 1334 1441 mali
1364 1375 1491 1441 feci
1522 1397 1642 1462 ego
1671 1377 1809 1458 tibi,
1853 1386 1925 1442 ut
1950 1377 2195 1446 faceres
2236 1390 2306 1445 tu
2348 1378 2503 1444 mihi
2548 1389 2612 1444 et
2642 1379 2919 1444 dominio
2948 1402 3092 1444 meo

207 1481 351 1565 quod
391 1480 604 1547 fecisti
645 1479 836 1547 hodie
849 1480 908 1565 Ρ)
960 1483 1013 1561 1,
1045 1481 1102 1544 9.
1178 1500 1252 1540 ac
1295 1477 1564 1542 adnabot
1604 1479 1883 1544 wmaeth
1920 1502 1965 1565 9
2000 1501 2137 1567 ywr
2178 1479 2275 1565 (et
2302 1501 2691 1566 cognoscere
2724 1479 2937 1566 coepit
2965 1481 3092 1566 vir)

209 1586 250 1662 l,
278 1585 331 1648 6.
369 1583 670 1668 ymdidan
697 1582 977 1648 awneutk
1003 1581 1072 1646 hi
1097 1581 1434 1667 aqudyon
1464 1579 1776 1666 (colloqui
1804 1581 2019 1665 coepit
2048 1581 2190 1667 ipsa
2217 1603 2357 1647 cum
2388 1580 2563 1667 Gw.)
2594 1585 2652 1664 3,
2686 1583 2829 1646 205.
2887 1580 3091 1646 Plur.:

209 1686 352 1748 ioum
385 1707 482 1769 9ιο
523 1685 693 1748 idaw
735 1683 934 1768 coffau
972 1685 1106 1768 ymi
1147 1705 1221 1746 ac
1258 1704 1339 1766 yr
1379 1685 1560 1747 wreic
1601 1682 1800 1746 bonno
1853 1683 2231 1746 awnaethom
2279 1684 2505 1768 yrdaw
2556 1683 2819 1767 (iustum
2878 1692 2977 1748 est
3032 1683 3093 1748 ei

201 1785 494 1852 reminisci
547 1785 704 1852 mihi
760 1795 825 1851 et
871 1783 1124 1850 mulieri
1175 1781 1325 1849 huic
1381 1782 1549 1868 quod
1608 1781 1877 1848 fecimus
1932 1805 2049 1870 pro
2093 1784 2200 1868 eo)
2257 1785 2317 1866 3,
2360 1787 2459 1850 25.
2526 1805 2599 1849 or
2647 1785 3093 1868 qwnaetkawcle

198 1909 328 1972 qam
359 1890 494 1974 ymi
535 1887 741 1974 (quod
767 1887 1012 1952 fecistis
1057 1882 1348 1950 iniuriam
1389 1883 1574 1967 mihi)
1621 1887 1678 1966 3,
1715 1885 1854 1949 199.
1915 1885 2237 1970 achymryt
2270 1907 2317 1970 9
2339 1887 2679 1974 yolwython
2706 1887 3095 1952 awnaetltant

199 1988 282 2072 (et
321 2011 562 2056 sumere
605 1989 806 2054 frusta
847 1986 1222 2074 coeperunt)
1272 1990 1325 2068 1,
1358 1987 1417 2052 2.
1485 2007 1822 2073 aqoresqyn
1866 1986 1951 2050 tir
1986 2008 2031 2071 9
2076 1985 2331 2052 ὸνεηήἱη
2374 1989 2763 2052 ατιηιευιΙιαηε
2805 1989 2902 2073 (et
2944 1991 3093 2056 sub-

199 2088 352 2174 igere
391 2101 624 2156 terram
665 2091 836 2176 regis
879 2088 1255 2177 coeperunt)
1299 2089 1357 2170 2,
1393 2089 1532 2152 199.

344 2192 627 2259 Alterius
671 2191 1062 2256 formationis
1108 2190 1399 2276 exempla
1440 2212 1570 2256 non
1613 2189 1993 2269 invenimus,
2036 2211 2417 2276 quamquam
2458 2188 2621 2254 Dav.
2668 2211 2809 2256 cum
2852 2193 3093 2280 ecluogf,

198 2292 369 2376 ethyw
408 2295 622 2380 eddyw
664 2293 805 2379 (ivi,
852 2293 998 2378 ivit)
1055 2303 1120 2358 et
1160 2291 1464 2377 dotlzwgf,
1505 2291 1746 2377 dothyw
1787 2293 2051 2378 doddyw
2094 2291 2351 2376 deddyw
2396 2291 2607 2376 (veni,
2658 2293 2861 2378 venit)
2920 2315 3093 2360 com-

197 2403 360 2476 parat
393 2395 800 2480 qwneddwgf,
839 2395 1192 2480 qwneddyw
1238 2391 1410 2476 (feci,
1455 2391 1658 2474 fecit).

343 2494 402 2559 d.
445 2491 657 2580 Sing.:
705 2519 746 2558 a
776 2495 1058 2580 dywedut
1085 2517 1386 2580 aoruqum
1429 2495 1526 2579 (et
1555 2492 1766 2560 dicere
1792 2494 1937 2577 feci,
1984 2494 2168 2579 dixi),
2212 2495 2431 2582 kgfodi
2455 2516 2757 2581 aoruqum
2784 2495 3093 2582 (surrexi)

193 2593 347 2660 Μελ).
393 2601 444 2679 1,
487 2599 546 2662 5.
578 2599 639 2661 6.
704 2597 934 2661 atitheu
976 2596 1306 2662 adeuthost.
1352 2617 1428 2659 ac
1469 2607 1756 2682 aoruqoot
1795 2595 2003 2682 Ιι9ηπ9
2048 2596 2146 2681 (et
2184 2606 2255 2660 tu
2298 2595 2533 2663 venisti
2578 2606 2643 2662 et
2684 2596 2895 2664 fecisti
2938 2599 3092 2682 hoc)

197 2699 242 2778 1,
269 2697 364 2766 37.
416 2709 622 2784 mynet
662 2719 854 2764 aoruc
893 2697 990 2764 kei
1021 2720 1102 2783 yr
1125 2700 1307 2784 qeyin
1351 2695 1659 2784 (perrexit
1689 2694 1764 2763 O.
1810 2697 1893 2761 ad
1922 2697 2289 2784 coquinam)
2324 2701 2377 2780 1,
2410 2699 2468 2763 2.
2548 2697 2750 2764 Plur.:
2795 2724 2869 2765 ac
2910 2703 3096 2768 eisted

191 2819 468 2886 aoruqam
507 2821 658 2884 yma
711 2800 808 2885 (et
849 2799 1132 2866 sedimus
1177 2799 1336 2883 ibi),
1394 2823 1468 2864 ac
1506 2799 1774 2884 ymolchi
1812 2819 2113 2884 aoruqam
2169 2798 2267 2883 (et
2305 2799 2499 2864 lavati
2534 2803 2793 2886 sumus)
2842 2806 2893 2884 1,
2926 2805 2986 2867 4.
3032 2806 3091 2868 5.

188 2901 486 2984 αρ9ηιενι1ι
529 2923 608 2986 vy
647 2903 864 2966 march
905 2923 980 2966 ae
1014 2912 1322 2988 qoruqant
1365 2900 1666 2985 yndiwall
1716 2900 1815 2985 (et
1855 2909 2262 2986 sumpserunt
2304 2924 2531 2988 equum
2576 2925 2779 2969 meum
2824 2925 3091 2990 eumque

193 3001 517 3086 exuerunt)
565 3007 620 3086 1,
651 3005 712 3068 4.
752 3026 1000 3090 ymwan
1041 3027 1084 3068 a
1126 3011 1391 3088 myant
1431 3000 1853 3088 (pugnarunt)
1890 3005 1945 3083 1,
1976 3002 2121 3066 244.

335 3102 549 3190 Sing.:
595 3105 801 3190 nyduc
841 3104 954 3168 neb
996 3104 1182 3190 kyrch
1221 3103 1417 3168 waetlt
1459 3125 1570 3168 noc
1611 3103 1890 3190 adaqum
1930 3103 2125 3188 iyma
2170 3103 2385 3188 (nemo
2416 3105 2597 3171 duxit
2624 3107 3091 3194 expeditionem

189 3205 450 3288 peiorem
510 3227 702 3292 quam
761 3227 880 3292 ego
935 3207 1085 3272 duxi
1127 3204 1284 3289 huc)
1339 3206 1398 3286 3,
1439 3205 1540 3269 85.
1609 3207 1701 3268 mi
1747 3227 1822 3269 ae
1872 3203 2188 3290 hennillas
2228 3206 2304 3270 itt
2353 3209 2641 3294 ynqystal
2692 3232 2767 3272 ac
2815 3211 3091 3296 yduqym

193 3305 324 3392 (ego
383 3327 462 3372 ea
522 3308 855 3374 restituam
908 3306 1024 3372 tibi
1077 3305 1428 3393 aequaliter
1478 3315 1668 3392 atque
1713 3304 1979 3390 abstuli)
2037 3307 2095 3388 3,
2128 3306 2270 3371 304.
2342 3309 2491 3392 hyat
2527 3310 2937 3394 ffrwythlawn
2980 3313 3089 3374 do·-

191 3429 382 3490 nyawc
421 3409 723 3494 Itym-wyd
758 3409 1067 3494 ylotuawr
1107 3409 1386 3494 aduyost,
1429 3407 1578 3494 hynt
1621 3409 2024 3494 lwydyannus
2065 3407 2322 3494 aduqoet
2367 3411 2517 3494 (iter
2560 3409 2770 3477 fecisti
2813 3413 3089 3479 fructuo-

189 3529 304 3572 sum
347 3509 738 3575 fortunatum
787 3507 1218 3596 insuperabile
1274 3507 1646 3592 gloriosum,
1700 3509 1823 3574 iter
1876 3508 2091 3576 fecisti
2132 3511 2437 3596 faustum)
2493 3513 2553 3594 2,
2596 3515 2695 3578 26.
2742 3515 2843 3580 27.
2903 3517 3095 3602 yroffi

191 3611 352 3674 adum
391 3611 506 3675 heb
560 3633 606 3694 9
647 3609 860 3674 iarlles
899 3635 987 3676 ua
1028 3612 1148 3674 duc
1191 3610 1317 3694 dyn
1360 3610 1514 3674 emit
1554 3631 1632 3694 υ9
1672 3611 1954 3698 αν91ω9ἅ
2004 3614 2034 3674 i
2074 3633 2141 3676 oe
2177 3613 2346 3700 yorff
2388 3636 2618 3698 namyn
2654 3635 2699 3699 9
2735 3637 2872 3700 ywr
2912 3617 3091 3682 hwnn

189 3711 315 3796 (per
353 3737 454 3778 me
499 3721 570 3777 et
609 3713 814 3794 deum,
857 3712 1066 3798 inquit
1109 3711 1452 3794 comitissa,
1497 3734 1682 3778 nemo
1723 3713 1871 3778 tulit
1912 3713 2187 3778 animam
2231 3712 2468 3780 domini
2508 3715 2633 3779 mei
2677 3737 2755 3781 ex
2786 3718 2925 3784 eius
2954 3741 3093 3784 cor-

189 3835 322 3898 pore
361 3815 492 3882 nisi
537 3815 640 3880 vir
677 3813 816 3898 hic)
863 3817 919 3894 1,
949 3813 1050 3878 20.
1119 3834 1198 3878 ar
1239 3835 1492 3902 uorwyn
1547 3835 1619 3880 ae
1663 3815 1782 3878 duc
1827 3837 1874 3899 9
1912 3813 2175 3900 9εταιιεῑὶ
2216 3815 2499 3902 θεηιω9εΙι
2552 3813 2649 3896 (et
2686 3817 2901 3902 puella
2944 3843 3087 3884 eum

192 3915 344 3981 duxit
395 3917 480 3982 ad
525 3915 888 3982 cubiculum
932 3915 1198 4001 bellum)
1248 3919 1302 3998 1,
1335 3917 1436 3980 28.
1531 3915 1860 4000 Leguntur
1905 3915 2191 3982 eiusdem
2234 3916 2407 3982 modi
2428 3917 2608 4000 alia,
2668 3941 2831 4004 quae
2874 3921 2942 3985 in
2985 3943 3089 3986 ce-

191 4017 318 4083 teris
373 4029 636 4106 praeter
691 4020 748 4084 3.
793 4039 964 4104 pers.
1014 4016 1232 4084 formis
1289 4026 1588 4084 secuntur
1637 4017 1945 4084 rationem
2002 4040 2423 4084 communem:
2480 4021 2537 4086 3.
2584 4041 2677 4104 sg.
2736 4021 3092 4109 aphar-chyl

193 4119 468 4200 adywawt
509 4121 588 4202 ej
617 4119 804 4183 »anthi
843 4119 941 4204 (et
983 4141 1342 4186 sermonem
1387 4119 1549 4184 dixit
1589 4119 1730 4206 ipse
1775 4118 1858 4184 ad
1902 4119 2102 4203 eam),
2160 4142 2235 4185 ac
2272 4143 2399 4205 9ηα
2438 4143 2483 4206 9
2524 4122 2787 4205 ἀ9ωαωε
2830 4123 2903 4206 qt*
2931 4125 3091 4188 wrtlz

193 4241 224 4298 y
255 4223 428 4284 «mic
473 4221 578 4306 (et
615 4231 748 4284 tum
794 4219 956 4286 dixit
995 4220 1138 4307 ipse
1182 4220 1366 4285 uxori
1411 4221 1594 4305 suae)
1643 4223 1700 4302 3,
1733 4223 1839 4301 143
1899 4222 1956 4286 3.
2001 4221 2091 4307 pl.
2136 4245 2177 4285 a
2220 4221 2457 4310 boffa-ch
2498 4245 2579 4284 vu
2604 4273 2619 4286 .
2646 4271 2659 4284 .
2688 4269 2703 4284 .
2730 4244 2775 4307 9
2806 4221 3094 4288 bortlmnt

195 4318 270 4398 (et
289 4321 519 4387 melius
551 4323 674 4387 fuit
699 4322 870 4407 quod
901 4321 1272 4407 attulerunt)
1308 4326 1362 4406 1,
1402 4323 1497 4386 12.
1563 4323 1772 4410 aphau
1797 4324 2105 4408 qyfodant
2133 4321 2231 4406 (et
2256 4345 2399 4387 cum
2430 4325 2865 4409 surrexerunt)
2904 4328 2956 4406 1,
2989 4327 3088 4390 23.

327 4421 709 4490 Cor-nica:
767 4445 824 4488 a.
871 4423 1064 4509 singu:
1121 4425 1336 4510 ythytk
1378 4423 1530 4508 (ivi)
1587 4423 1665 4489 O.
1711 4425 1854 4489 260.
1930 4445 2065 4508 pan
2102 4423 2212 4508 yth.
2267 4423 2440 4506 (cum
2481 4423 2602 4508 ivi)
2657 4423 2739 4488 D.
2788 4426 2928 4490 145.
2996 4427 3097 4489 del

190 4523 334 4608 yvuys
372 4525 478 4611 (ut
521 4524 732 4609 ivisti)
776 4521 854 4588 R.
885 4525 1027 4591 824.
1083 4527 1286 4609 lw30w
1321 4547 1455 4610 pan
1497 4539 1634 4610 e3y⁸
1671 4546 1760 4609 9η
1801 4546 1925 4588 mes
1966 4523 2185 4607 (hodie
2230 4545 2376 4592 cum
2404 4526 2579 4592 ivisti
2606 4525 2808 4609 foras)
2841 4524 2915 4590 P.
2951 4527 3089 4606 157,

192 4625 237 4687 4.
295 4627 388 4691 del
429 4628 532 4692 eth,
579 4627 682 4712 (ut
721 4624 868 4710 ivit)
909 4623 987 4690 R.
1019 4625 1162 4691 835.
1225 4648 1362 4712 pan
1404 4626 1498 4690 eth.
1542 4624 1718 4709 (cum
1760 4625 1911 4709 ivit)
1964 4623 2037 4689 P.
2088 4625 2226 4708 187,
2263 4629 2320 4692 3.
2366 4628 2509 4708 213,
2540 4627 2600 4692 3.
2654 4626 2738 4694 D.
2773 4627 2959 4692 3124.
3012 4627 3089 4692 R.

199 4725 351 4793 2557.
395 4727 506 4796 Cr.
547 4729 732 4794 1029.
795 4727 1171 4813 tkywonlzyf
1200 4728 1363 4793 aban
1405 4727 1530 4790 ethe
1568 4727 1679 4812 (ex
1725 4749 1848 4814 quo
1894 4726 1953 4792 is
1998 4725 2158 4792 abiit
2200 4750 2239 4792 a
2282 4730 2415 4815 me)
2458 4727 2535 4793 R.
2566 4729 2709 4793 466.
2768 4729 2955 4814 Ρ91αι
2996 4729 3091 4792 eth

191 4849 258 4910 yn
289 4853 406 4896 mes
447 4829 560 4915 (P.
605 4829 728 4895 ivit
752 4828 955 4914 foras)
999 4827 1074 4894 P.
1113 4829 1248 4910 140,
1285 4829 1342 4893 1.
1406 4829 1540 4892 dria
1582 4831 1642 4894 ol
1682 4853 1767 4896 an
1811 4829 1919 4915 698
1960 4832 2034 4915 qf
2064 4833 2161 4896 eth
2205 4831 2433 4916 (totum
2476 4830 2777 4894 mundum
2820 4830 3088 4910 transiit,

197 4942 364 4998 terrae
405 4931 654 5016 motus)
701 4931 844 5014 200,
877 4932 970 4995 2..
1009 4930 1175 4994 Cri-st
1211 4981 1224 4996 .
1251 4981 1266 4994 .
1293 4979 1310 4995 .
1353 4953 1424 4993 as
1462 4933 1810 5018 queas-hay
1853 4934 1951 4997 eth
1988 4980 2042 4996 ..
2070 4985 2085 5001 .
2120 4947 2192 5016 3⁶
2236 4932 2371 5017 hesy
2426 4930 2609 5016 (Chr.
2668 4953 2780 4997 eos
2834 4933 3093 5018 reliquit

199 5043 246 5094 et
279 5034 387 5098 ivit
425 5034 510 5098 ad
555 5031 896 5118 orandum)
941 5033 1041 5115 56,
1079 5035 1137 5098 1.
1198 5054 1242 5117 9
1283 5032 1378 5095 eth.
1421 5031 1705 5116 (iverunt
1745 5032 1873 5118 illi)
1918 5034 2019 5114 29,
2052 5035 2111 5098 2.
2157 5035 2257 5115 64,
2289 5035 2329 5097 4
2361 5041 2479 5099 etc.
2543 5033 2722 5120 313th
2760 5053 2903 5118 pesy
2944 5055 3091 5116 may

201 5131 326 5197 holle
363 5135 513 5220 (ivit
557 5145 630 5199 ut
672 5157 852 5200 orare
895 5135 1148 5222 posset)
1195 5136 1296 5214 53,
1329 5136 1387 5198 3.
1442 5134 1620 5220 y3etlc
1663 5132 1743 5218 es
1770 5133 1921 5218 (ivit
1962 5132 2104 5218 ille)
2153 5136 2294 5216 122,
2327 5135 2385 5199 2.
2442 5159 2587 5220 ”my
2626 5134 2761 5219 'jeth
2810 5133 2913 5217 (ut
2952 5133 3087 5200 ive-
