3717 5642
975 395 1086 461 IV.
1135 397 1192 460 3.
1267 415 1812 464 coniono‘rronas
1857 415 2335 463 minumum.
2748 400 2888 462 (69⁷)
2956 401 3077 464 735

193 582 342 645 1694.
403 605 584 668 maya
629 595 786 645 town
831 593 894 666 ty
937 583 1036 646 del
1075 598 1276 668 w03ye
1319 582 1480 666 (tam
1523 583 1901 667 profundum
1946 583 2403 664 iusiurandum,
2452 607 2635 670 quam
2682 585 2957 671 sciebat)
3004 584 3077 649 P.

189 686 270 760 85,
297 683 346 745 3.
409 707 590 768 „naqa
647 683 740 748 tels:
795 685 895 747 del
933 683 1112 768 reb-qe
1169 683 1324 769 (tam
1373 683 1654 768 pulcrum
1715 706 1903 770 quam
1960 685 2195 768 fuerat)
2255 689 2353 760 71,
2398 689 2457 750 4.
2556 686 2954 752 Praemissus
2996 688 3077 750 lea

187 783 270 846 vel
300 805 366 866 ys
407 786 698 871 exempla
743 785 868 849 vid.
915 807 1126 869 supra.

321 883 760 972 Compositum
802 887 978 948 kettel
1021 887 1264 972 (kettyl)
1327 889 1406 951 de
1449 899 1734 972 tempore
1779 887 1907 969 (ut,
1956 887 2284 970 simulac):
2354 886 2529 951 kettel
2570 901 2757 974 tet-⁸31⁸
2800 915 2881 954 an
2929 891 3079 955 bara

185 985 266 1066 (ut
297 986 535 1072 fregisti
578 987 868 1074 panem),
923 989 1099 1052 kettel
1142 989 1344 1052 tlcveetlc
1387 1011 1454 1052 er
1494 1011 1658 1072 ayan
1699 1011 1826 1072 pyr:
1869 988 2167 1071 (simulac
2222 989 2401 1054 venit
2454 989 2533 1052 ad
2576 989 2727 1074 nos)
2772 991 2847 1056 R„
2894 993 3073 1054 1318.

191 1089 334 1152 1329.
387 1090 576 1176 kettyl
615 1089 854 1176 ynyeffo
897 1114 980 1152 au
1025 1089 1144 1173 hay
1187 1089 1602 1176 (simulatque
1646 1089 1969 1174 acceperit
2012 1089 2327 1172 osculum)
2372 1089 2452 1154 D.
2487 1093 2629 1154 986.

315 1191 430 1256 ER
474 1191 690 1276 (hora)
735 1193 935 1256 subst.
983 1190 1194 1276 potius
1240 1211 1428 1275 quam
1473 1189 1863 1275 praepositio
1908 1190 2123 1256 inesse
2170 1191 2418 1254 videtur
2470 1190 2537 1254 in
2580 1193 2846 1258 formula
2904 1217 3073 1260 com-

187 1294 360 1376 posita
403 1315 556 1356 ema
603 1294 801 1379 (dum,
849 1292 1103 1375 donec),
1151 1292 1332 1356 cuius
1363 1292 1626 1356 alteram
1673 1304 1923 1377 partem
1950 1301 2130 1376 patet
2176 1314 2321 1357 esse
2351 1294 2755 1378 negationem
2800 1321 2903 1374 na,
2934 1323 3075 1382 naq,

185 1417 218 1457 a
251 1395 548 1480 negativis
603 1394 734 1460 fere
795 1393 1134 1460 sententiis
1179 1393 1525 1478 pendente:
1584 1394 1772 1477 neffre
1813 1394 2079 1456 marsello
2126 1393 2377 1458 eleanan
2428 1415 2495 1456 er
2536 1419 2661 1458 nau
2704 1419 2940 1482 prenny
2989 1421 3077 1482 yn

170 1496 310 1573 jelen
359 1497 449 1580 (si
495 1519 776 1582 unquam
816 1496 968 1562 hinc
1015 1493 1252 1574 abibis,
1309 1494 1514 1560 donec
1567 1494 1632 1558 id
1677 1493 1893 1560 solvas
1940 1493 2295 1577 atrociter),
2356 1521 2441 1560 na
2498 1497 2735 1562 hemena
2794 1499 2968 1582 uest-e
3010 1521 3076 1562 er

185 1623 252 1660 aa
288 1623 486 1664 caru-a
533 1597 646 1682 (ne
693 1597 992 1664 desinant
1033 1618 1328 1682 unquam,
1375 1596 1582 1662 donec
1623 1596 1983 1678 moriatur),
2028 1616 2095 1657 er
2138 1620 2223 1658 na
2270 1597 2469 1660 mello
2516 1609 2777 1662 tremene
2817 1603 3073 1684 venytha

188 1723 256 1762 na
287 1701 524 1785 :tv-euqk
567 1700 746 1785 hethy
787 1698 1024 1782 (donec
1067 1696 1352 1776 decedat,
1394 1697 1594 1762 nolite
1637 1719 1913 1782 unquam
1959 1697 2299 1778 desistere)
2345 1695 2425 1764 O.
2456 1699 2641 1762 2653.
2673 1701 2856 1766 2678.
2890 1703 3071 1768 2695.

188 1823 254 1881 ny
286 1801 478 1864 thueth
522 1825 606 1864 an
647 1823 797 1885 prys
839 1821 906 1864 er
947 1797 1245 1884 naqyllyf
1273 1799 1410 1862 then
1455 1799 1572 1881 nef
1605 1796 1764 1880 (non
1807 1797 1983 1862 venit
2024 1807 2277 1884 tempus
2298 1851 2316 1881 ,
2376 1799 2579 1866 donec
2622 1823 2765 1866 eam
2808 1803 2887 1866 ad
2933 1825 3073 1868 cae-

185 1901 316 1984 lum)
353 1902 426 1966 R.
461 1903 606 1968 878.

321 2003 778 2070 Aremorice
825 2011 896 2066 ut
924 2001 1286 2067 coniunctio
1330 1999 1668 2066 nominalis
1712 2001 1971 2086 saepius
2018 2001 2351 2068 adhibetur
2406 2003 2875 2070 substantivum
2908 2007 3078 2090 yoall

184 2115 453 2188 sequente
495 2104 870 2190 negatione3
916 2113 1248 2188 praeterea
1285 2101 1642 2166 conferatur
1687 2104 2075 2188 praepositio
2119 2104 2459 2170 nominalis
2502 2105 2731 2170 berver.

323 2203 622 2272 GOALL
668 2204 960 2289 (malum)
1009 2245 1076 2254 --
1127 2212 1200 2268 ut
1243 2225 1386 2268 cum
1415 2203 1730 2269 infinitivo
1774 2207 2267 2292 praepositionis
2312 2207 2539 2271 instar:
2580 2206 2752 2290 yoall
2792 2206 2931 2270 bont
2950 2209 3076 2288 sier

187 2305 342 2390 (quia
381 2330 510 2374 non
555 2329 726 2372 eram
771 2306 1008 2386 audax3
1055 2305 1134 2372 cf.
1179 2304 1474 2390 gallican.
1501 2304 1691 2385 faute
1733 2305 1840 2390 de)
1885 2305 2021 2372 MJ.
2063 2309 2231 2373 196b
2274 2343 2359 2356 --
2410 2308 2507 2374 sic
2549 2328 2689 2371 cum
2736 2309 3075 2393 negatione

185 2409 625 2474 coniunctionis
668 2409 810 2474 loco
855 2408 1212 2473 adhibetur:
1266 2406 1435 2492 qoall
1475 2427 1592 2468 nen
1633 2409 1828 2490 casas
1866 2431 1929 2472 ez
1972 2411 2234 2490 mart-af
2280 2421 2470 2493 prout
2520 2407 2608 2490 (si
2648 2431 2777 2473 non
2816 2410 3076 2476 invenio

183 2532 318 2588 eum,
359 2510 590 2576 morior
619 2510 862 2594 statim)
912 2511 1030 2576 188
1044 2533 1099 2574 a.
1166 2531 1228 2571 e:
1269 2507 1534 2586 ‘mar-vaf
1559 2527 1676 2590 ψη
1715 2509 1861 2592 9οαὶ
1900 2533 2019 2572 nen
2057 2513 2282 2594 ⁸cynelaf
2295 2511 2495 2592 franc
2536 2509 2801 2592 (morior
2842 2513 3071 2596 gelide,

183 2611 226 2673 si
264 2634 394 2706 eum
435 2635 568 2676 non
613 2611 800 2676 video
845 2611 1141 2694 liberum)
1195 2611 1310 2676 193
1327 2608 1386 2673 b.
1441 2608 1608 2692 qodl
1647 2631 1764 2672 nen
1807 2611 2077 2694 qveffonc
2118 2635 2179 2674 ez
2223 2614 2315 2675 int
2358 2621 2585 2696 spontet
2628 2611 2716 2694 (si
2762 2635 2903 2676 eum
2944 2637 3073 2678 non

181 2712 514 2794 inveniunt,
577 2713 1034 2798 perterrentur)
1081 2711 1290 2788 215b3
1359 2731 1436 2774 ac
1487 2710 1845 2794 praemissa
1888 2713 2383 2799 praepositione:
2454 2735 2491 2774 a
2530 2713 2699 2796 yoall
2738 2735 2853 2777 nen
2895 2715 3088 2799 casas

191 2813 344 2898 (quia
385 2837 526 2878 eum
569 2837 700 2880 non
741 2812 1033 2896 invenio)
1078 2815 1270 2878 2179..

327 2915 431 2980 Ad
487 2913 604 2980 has
659 2913 910 2980 accedit
959 2913 1310 2980 communis
1369 2911 1616 2995 utrique
1675 2910 1949 2977 dialecto
2003 2923 2401 3000 transumpta
2454 2936 2580 2979 vox
2633 2914 2955 2998 gallicana
3012 2927 3077 2980 et

183 3015 404 3099 anglica
441 3019 610 3098 conj,
651 3037 792 3080 save
833 3014 1064 3098 (salim,
1112 3023 1400 3098 except0,
1445 3013 1683 3096 modo).

323 3115 509 3196 Corn,
557 3115 764 3197 SAV,
827 3115 1026 3182 SAW
1073 3115 1246 3182 varic
1291 3137 1483 3180 versa
1519 3114 2019 3200 significatione:
2080 3140 2161 3200 ny
2204 3118 2453 3202 hynwys
2497 3119 2660 3201 :hym
2702 3139 2829 3180 saw
2868 3119 3073 3201 pedat·

185 3217 319 3297 (non
361 3219 716 3284 nominavit
766 3217 922 3282 mihi
964 3217 1094 3281 nisi
1137 3215 1426 3298 Petrum)
1485 3214 1562 3278 R.
1607 3217 1748 3280 916.
1815 3241 1945 3281 saw
1982 3220 2183 3303 pedyr
2236 3219 2327 3282 σ’ὲε
2370 3243 2411 3282 α
2454 3219 2663 3302 laolyas
2716 3218 2937 3301 (modo
2991 3217 3067 3283 P.

185 3319 470 3384 Christum
513 3329 776 3385 secutus
819 3320 950 3405 est)
993 3316 1066 3382 P.
1101 3321 1200 3398 77,
1231 3319 1289 3382 2.
1357 3340 1467 3378 sav
1521 3337 1614 3378 me
1655 3339 1789 3380 war
1842 3318 2011 3402 lerylz
2053 3319 2329 3383 drehevel
2382 3343 2451 3382 as
2494 3319 2763 3405 dyerbyn
2806 3319 3071 3405 dyonqel

181 3419 304 3501 (sed
341 3443 480 3506 ego,
525 3431 866 3506 postquam
907 3441 1332 3498 resurrexero,
1380 3440 1490 3482 eos
1536 3417 1915 3482 conveniam
1958 3419 2161 3502 certo)
2205 3420 2285 3484 D.
2318 3423 2461 3486 896.

321 3523 531 3586 Arem.
577 3519 808 3587 SALV
847 3520 1276 3605 (dummodo):
1325 3519 1508 3582 deoc-lt
1549 3519 1792 3582 rentlser
1815 3569 1830 3583 .
1857 3565 1873 3582 .
1902 3567 1916 3582 .
1944 3521 2077 3584 salo
2120 3541 2183 3582 ez
2224 3523 2457 3585 -rentket
2482 3572 2492 3582 .
2522 3573 2535 3586 .
2564 3571 2579 3584 .
2622 3525 2917 3606 ‹leompny
2959 3521 3069 3585 Jo-

178 3623 296 3705 seph
333 3623 409 3685 ab
455 3623 812 3688 Arimathia
865 3622 1082 3705 (vobis
1123 3622 1451 3701 reddetur,
1495 3621 1685 3686 modo
1729 3619 2011 3684 reddatis
2054 3623 2240 3686 nobis
2284 3623 2337 3686 Ι.
2376 3623 2493 3707 A.)
2548 3621 2683 3686 MJ.
2732 3623 2855 3687 220
2868 3643 2922 3687 a.
2997 3645 3071 3684 ne

181 3737 278 3784 rect
317 3745 478 3806 quen
517 3737 714 3788 memet
755 3726 1071 3807 serviebas
1103 3723 1368 3807 quercias
1397 3733 1531 3805 pret
1569 3722 1700 3784 salv
1743 3743 1806 3782 ez
1854 3721 1991 3784 cecla
2027 3745 2169 3806 ψει
2218 3735 2409 3786 asez-et
2463 3721 2651 3807 (nihil
2695 3722 3071 3808 relinquitur

181 3825 284 3888 nisi
326 3835 396 3890 ut
435 3827 834 3890 ministretur
875 3825 1222 3904 celerrime,
1269 3823 1453 3886 modo
1498 3821 1690 3886 etiam
1733 3821 2185 3906 consedet-itis)
2232 3825 2341 3889 7b.
2398 3846 2480 3907 ny
2522 3847 2562 3886 a
2605 3823 2775 3888 scolae
2817 3826 2957 3906 cres
2989 3825 3073 3887 Ιια

185 3925 340 4012 dez-ry
379 3927 512 3989 salv
555 3950 620 3988 ez
665 3949 838 4012 vemp
878 3949 962 4011 ny
1005 3927 1272 3988 licenciet
1325 3922 1751 4010 (pulsaremus
1793 3922 2041 3988 fortiter
2082 3933 2147 3988 et
2188 3933 2473 4004 strenue,
2516 3924 2707 3989 modo
2748 3925 3071 4009 permitte-

185 4037 328 4090 retur
367 4027 588 4110 nobis)
636 4029 712 4092 72
731 4029 788 4094 b.

325 4129 382 4192 3.
463 4125 1110 4194 coniunctiones
1166 4147 1366 4210 quae
1411 4135 1588 4189 sunt
1643 4125 2045 4210 principio
2102 4125 2769 4212 praepositiones:
2838 4149 2889 4206 o,
2946 4147 3071 4204 am,

179 4248 254 4308 yr,
293 4241 416 4309 tra,
459 4228 612 4312 hyn,
649 4231 862 4313 ywedy
908 4237 1056 4308 etc.,
1110 4226 1424 4290 interdum
1469 4235 1796 4292 servantes
1839 4236 2125 4292 naturam
2170 4227 2711 4312 praepositionum
2762 4239 3067 4312 sequente

185 4326 464 4396 infinitivo
507 4330 710 4396 verbi.
798 4327 1076 4413 Saepius
1117 4327 1318 4392 forma
1357 4325 1628 4391 relativa
1669 4327 2019 4412 particulae
2054 4329 2419 4412 negativae,
2479 4329 2533 4392 si
2580 4329 2781 4404 adest,
2824 4327 3067 4392 indicat

184 4431 446 4498 omissum
493 4452 844 4516 pronomen
889 4429 1448 4496 demonstrativum
1494 4427 1663 4512 leym:
1708 4427 1800 4513 (p.
1835 4429 2013 4512 392).
2100 4427 2419 4514 Exempla
2462 4429 2845 4493 cambrica
2884 4451 3067 4514 prae-

185 4529 388 4596 mittam
435 4541 504 4596 ut
543 4531 994 4616 frequentiora.
2464 4519 2467 4524 ¹

319 4632 374 4698 Ο
419 4643 570 4698 ante
615 4653 972 4713 consonas,
1027 4641 1174 4696 ante
1218 4628 1474 4694 vocales
1520 4639 1584 4693 et
1625 4628 1943 4695 interdum
1986 4639 2135 4694 ante
2176 4652 2497 4695 consonas
2542 4629 2683 4709 OS,
2741 4628 2890 4710 ΟΒ,
2948 4627 3063 4695 OT

192 4751 218 4792 e
239 4735 542 4816 primitiva
585 4733 1056 4818 significatione
1102 4732 1215 4816 (ex
1255 4729 1412 4817 qno)
1456 4741 1863 4816 transgressa
1917 4732 1985 4795 in
2030 4731 2557 4816 significationem
2603 4731 3069 4796 coniunctionis

187 4835 642 4903 condicionalis:
689 4835 848 4920 offoy
891 4836 965 4899 da·
1001 4835 1266 4898 racdaw.
1313 4833 1386 4914 es
1417 4832 1523 4896 ath
1551 4835 1842 4898 ordz‘wed.
1889 4855 1951 4896 οε
1978 4833 2173 4916 ‹zv-laoy
2214 4832 2423 4896 ditheu
2464 4853 2589 4896 eno.
2634 4833 2771 4896 athi
2802 4853 2889 4916 yn
2916 4855 3067 4896 uar-

187 4933 360 5002 dunoc.
421 4939 496 5020 qt*
529 4936 638 5002 atla
681 4937 834 5000 edeu
873 4957 960 5019 yn
1004 4933 1292 5018 bedeetyeu
1355 4955 1430 4997 ac
1471 4955 1590 5019 ony
1633 4934 1824 5020 okeffy
1881 4935 1953 4998 di
1988 4955 2110 5017 yno
2154 4934 2307 5016 ofut.
2364 4943 2475 5016 ayt
2512 4935 2629 4996 reit
2670 4936 2772 4996 itti
2812 4935 3067 5018 amosjqn

183 5037 320 5118 qesta
345 5039 600 5124 travyclz
625 5059 758 5123 vyw
790 5036 878 5120 (si
907 5045 977 5099 tu
1003 5033 1213 5121 fugies
1253 5057 1412 5116 eum,
1461 5034 1604 5121 ipse
1645 5047 1710 5102 te
1739 5035 1975 5115 vincet,
2022 5033 2077 5099 si
2110 5032 2548 5120 expectaveris
2574 5042 2647 5097 tu
2676 5056 2817 5098 eum
2848 5057 3065 5119 eques,

189 5135 296 5226 ipse
329 5151 390 5208 te
419 5141 704 5209 dimittet
741 5137 1044 5224 peditem,
1093 5147 1283 5224 atque
1323 5138 1542 5204 sinon
1570 5135 1824 5223 ceperis
1851 5145 1925 5202 tu
1950 5136 2045 5204 ibi
2088 5156 2409 5221 angorem,
2450 5157 2579 5200 non
2610 5157 2771 5221 opus
2804 5145 2905 5202 est
2944 5135 3063 5200 tibi
