3717 5642
515 374 639 438 670
704 374 837 435 (634·
864 372 984 433 635)
1260 366 1375 434 IV.
1422 368 1480 433 2.
1546 380 2118 433 rmrosrnonas
2161 382 2637 432 nmmumcm.

502 556 677 623 Mab.
728 561 781 638 1,
814 558 975 621 244:
1021 578 1108 641 yn
1150 556 1389 639 ofnawc
1432 556 1750 639 eryneiyus
1806 552 2060 635 (timida
2101 560 2360 638 propter
2399 551 2723 637 negotium
2769 554 2980 626 suum)
3023 552 3082 631 2,
3129 550 3230 613 46.
3313 548 3415 614 De

504 671 789 745 tempore
832 660 899 723 in
944 666 1265 744 postrema
1304 655 1667 719 narratione
1709 654 2090 719 recentiore:
2139 676 2206 717 eo·
2243 676 2315 739 ys
2357 654 2472 716 mis
2513 651 2660 739 (per
2701 674 2998 731 mensem,
3045 673 3264 716 mense
3306 652 3418 731 ab·

508 762 686 847 hinc)
730 760 904 827 Mab.
936 759 995 839 3,
1029 758 1171 823 334.
1256 756 1360 822 De
1401 756 1637 821 infecta
1678 758 1767 819 eir
1806 754 1876 819 in
1919 754 2205 819 formulis
2249 757 2516 835 eii-moet,
2559 757 2782 838 eivyoet
2833 776 3028 839 supra
3069 762 3276 818 actum
3319 762 3420 820 est

583 913 596 926 .
630 864 708 926 61
792 910 805 923 .

503 864 576 949 (p
671 862 824 1028 Ῡὸἐε
879 963 1118 1045 meneqi
1154 960 1321 1023 idaw
1363 980 1499 1021 mae
1540 958 1631 1019 mi
1668 958 1773 1022 ath,
1814 979 2092 1042 vyrywys
2132 978 2212 1042 φ’
2253 956 2524 1041 enryded
2575 978 2616 1019 a
2655 956 3073 1042 ywassanaeth
3110 978 3156 1040 y
3199 956 3419 1019 arthm-

455 1082 459 1087 ·
506 1066 751 1148 (dicere
797 1065 855 1129 ei
901 1084 1045 1127 esse
1088 1082 1187 1125 me
1231 1060 1340 1145 qui
1384 1059 1645 1125 vicerim
1686 1067 1751 1123 te
1792 1058 2053 1123 honoris
2097 1080 2294 1123 causa
2335 1067 2398 1122 et
2439 1057 2776 1123 ministerii
2817 1056 3109 1142 Arthuri)
3152 1056 3326 1121 Mab.
3364 1058 3418 1135 1,

508 1168 651 1232 249.
732 1166 953 1229 medwl
994 1162 1162 1227 aral!
1226 1182 1299 1223 ae
1342 1159 1597 1243 kyffroes
1633 1171 1819 1245 ynteu
1844 1172 1984 1224 'ovat
2032 1182 2112 1245 ,ψ’
2153 1160 2370 1222 medea-Z
2405 1160 2736 1243 ymdanaw
2787 1160 2858 1239 ef
2890 1160 3306 1245 ydywedassei
3357 1158 3424 1221 hi

504 1270 731 1353 hynny.
775 1288 1004 1351 namyn
1044 1287 1123 1349 φ·
1160 1274 1469 1347 ystytyaw
1510 1260 1735 1345 lcaryat
1776 1284 1852 1323 ar
1893 1284 1986 1324 ’ων
2029 1261 2196 1325 arall
2235 1260 2568 1345 (cogitatio
2601 1261 2726 1326 alia
2755 1260 3185 1347 expergefecit
3223 1258 3418 1336 illum,

506 1392 635 1436 non
677 1377 936 1455 propter
992 1364 1443 1449 cogitationem
1488 1363 1661 1427 circa
1702 1364 1912 1450 ipsum
1955 1363 2196 1427 dixisse
2241 1385 2412 1443 eam,
2467 1384 2754 1444 uxorem,
2799 1363 2950 1444 hoc,
3007 1364 3122 1428 sed
3163 1372 3424 1448 propter

508 1494 779 1537 amorem
838 1471 906 1535 in
950 1467 1145 1532 alium
1188 1464 1419 1548 virum)
1476 1467 1535 1546 2,
1579 1466 1679 1529 35.
1742 1488 1823 1550 yr
1864 1465 2130 1548 awelych.
2180 1488 2300 1528 nac
2345 1487 2426 1548 φ·
2479 1464 2794 1551 aquwych.
2845 1465 3067 1546 (ιτ-πεζή.
3125 1486 3245 1528 nac
3289 1486 3426 1549 ym-

513 1574 748 1637 choeldi
789 1570 1140 1653 draclzeuyn
1202 1566 1489 1652 (propter
1533 1567 1703 1652 quod
1744 1566 1984 1631 videris
2025 1588 2148 1631 nec
2190 1574 2448 1652 propter
2491 1566 2660 1652 quod
2706 1566 3024 1632 audiveris
3080 1566 3254 1632 circa
3297 1588 3420 1645 me,

512 1674 645 1739 noli
688 1671 950 1755 reverti)
995 1672 1053 1750 2,
1088 1671 1187 1734 36.
1244 1690 1317 1731 ac
1354 1690 1433 1753 φ’
1476 1670 1617 1731 du‘w
1660 1691 1735 1731 ac
1770 1690 1851 1753 ψ’
1895 1668 1976 1753 dy
2017 1667 2314 1752 syberwyt
2351 1667 2578 1751 pte-ylla
2617 1669 2874 1733 wrchaw
2917 1670 3207 1752 (propter
3235 1667 3426 1732 deum

515 1785 577 1841 et
618 1782 877 1860 propter
916 1772 1319 1837 honestatem
1362 1779 1576 1853 tuam„
1598 1770 1902 1835 miserere
1948 1770 2114 1851 eius3
2156 1791 2236 1853 ,Ψ
2265 1770 2422 1849 duw,
2467 1790 2583 1853 per
2625 1768 2832 1851 deum,
2877 1769 3256 1835 obsecrandi
3299 1769 3428 1834 for-

512 1877 685 1941 mula
727 1874 845 1959 fq.)
898 1876 950 1955 1,
984 1874 1127 1937 270.
1182 1894 1277 1935 oee
1318 1870 1511 1935 obeitle,
1548 1883 1777 1956 yennyt
1818 1873 1873 1935 ti
1911 1895 1988 1935 ar
2011 1872 2202 1957 qaffel
2243 1872 2325 1954 dy
2354 1870 2567 1956 ellwny
2611 1894 2685 1935 ae
2720 1894 2802 1956 yr
2844 1894 2954 1936 em·
2995 1894 3069 1935 ae
3093 1894 3172 1957 φ’
3199 1884 3432 1957 aryant

512 2000 585 2042 ae
622 2000 702 2061 φ·
740 1976 911 2061 yolut
944 1972 1377 2057 pressennawl.
1434 1994 1506 2035 ae
1546 1993 1625 2056 ψ·
1668 1984 1922 2037 catwent
1962 1995 2040 2036 ac
2075 1972 2294 2057 ymlad
2335 1972 2514 2053 (num
2559 1993 2706 2058 spes
2749 1972 2896 2055 tibi,
2943 1985 3006 2039 te
3050 1984 3430 2039 consecutu-

513 2102 649 2143 rum
681 2075 1110 2141 dimissionem
1151 2081 1327 2137 tuam
1370 2083 1478 2138 aut
1517 2096 1633 2159 per
1663 2096 1878 2138 aurum
1925 2085 2034 2138 aut
2073 2096 2190 2160 per
2217 2082 2580 2160 argentum,
2607 2082 2718 2138 aut
2761 2096 2875 2160 per
2917 2074 3148 2141 donum
3189 2075 3434 2162 pretio-

515 2203 671 2261 sum,
718 2187 827 2242 aut
867 2198 983 2262 per
1010 2199 1287 2261 pugnam
1334 2184 1398 2239 et
1425 2176 1890 2241 contentionem
1912 2176 1970 2258 ?)
2004 2178 2060 2257 2,
2095 2178 2237 2241 234.
2292 2198 2406 2239 nas
2433 2178 2675 2241 rodwni
2711 2198 2820 2240 eno
2865 2188 3044 2241 ethwa-
3079 2198 3162 2262 φ·
3197 2200 3242 2262 y
3261 2178 3435 2262 pall-

503 2283 651 2367 frei
686 2300 872 2366 ρον-θα
917 2276 1075 2361 (non
1121 2278 1331 2343 darem
1378 2298 1497 2361 ego
1540 2274 1721 2341 illum
1760 2299 1878 2363 pro
1925 2278 2162 2362 optimo
2209 2300 2392 2365 eque,
2439 2300 2668 2364 equum
2697 2279 2935 2363 meum)
2970 2282 3025 2360 1,
3063 2280 3158 2343 10.
3211 2278 3443 2362 welydi

511 2404 661 2468 yma
698 2384 794 2465 yn·
835 2380 1032 2464 bwyih
1082 2398 1163 2464 :qr
1204 2380 1346 2441 ireit
1390 2377 1748 2463 hendiqedic
1800 2381 1986 2464 (ecce
2027 2380 2144 2445 tibi
2187 2379 2291 2445 hic
2331 2380 2752 2446 remuneratio
2796 2404 2912 2468 pro
2957 2388 3278 2467 unguento
3325 2381 3438 2444 be-

516 2479 802 2565 nedicto)
853 2483 907 2561 1,
942 2481 1040 2545 30.
1091 2502 1171 2563 yr
1213 2480 1384 2565 rydic
1425 2480 1591 2543 idaw
1630 2481 1846 2565 yrodes
1889 2482 2127 2545 hanner
2165 2504 2206 2567 y
2245 2482 2492 2567 yyfoetlt
2531 2483 2688 2547 chun
2734 2483 2879 2568 (pro
2913 2482 3214 2557 ,libertate
3257 2480 3442 2547 dedit

516 2586 575 2650 ei
618 2581 947 2651 dimidium
990 2580 1241 2666 imperii
1284 2581 1383 2647 sui
1428 2580 1663 2668 ipsius)
1713 2584 1767 2662 1,
1801 2582 1900 2647 30.
1987 2582 2092 2647 De
2132 2594 2445 2669 tempore:
2490 2606 2574 2668 ny
2605 2584 2800 2647 weles}
2835 2596 3072 2668 ymoet
3105 2606 3150 2669 y
3186 2582 3442 2670 yyfi-yw

517 2686 679 2771 (non
722 2684 855 2749 vidi
898 2705 1041 2748 mea
1084 2691 1290 2749 aetate
1336 2683 1475 2749 eius
1521 2683 1817 2768 similem)
1865 2684 1925 2764 2,
1959 2686 1994 2747 7
2011 2710 2028 2764 ;
2075 2684 2331 2771 saepius
2374 2695 2582 2749 tamen
2627 2688 2890 2767 eirmoet,
2935 2684 3062 2749 vid.
3109 2708 3322 2770 supra.

686 2785 849 2855 Cum
893 2785 1375 2871 pronominibus
1422 2784 1671 2849 suffixis
1714 2784 2018 2851 formulae
2075 2785 2250 2868 (hod.
2297 2786 2442 2869 eros
2473 2787 2656 2872 θαι).
2717 2786 2877 2872 yrqft
2915 2811 2958 2850 a
3001 2788 3144 2849 duw
3185 2787 3357 2849 clv-wc
3395 2810 3445 2872 y

512 2890 800 2953 medreist
840 2887 987 2973 (per
1013 2910 1115 2951 me
1160 2896 1224 2951 et
1256 2886 1463 2967 deum,
1510 2886 1744 2951 malum
1788 2888 2222 2974 perpetrasti),
2269 2911 2344 2952 ac
2381 2910 2462 2973 pfl·
2491 2890 2632 2953 duw
2673 2912 2749 2952 ac
2786 2890 2944 2973 yrof
2971 2910 3176 2973 ynneu
3208 2908 3343 2972 par
3369 2890 3449 2951 di

516 2992 805 3077 (propter
848 2990 1031 3055 deum
1078 3000 1145 3052 et
1188 2998 1447 3073 propter
1475 3010 1593 3070 me,
1644 3010 1797 3053 cura
1821 2988 1956 3072 tul)
1985 2988 2159 3055 Mab.
2196 2992 2252 3072 1,
2285 2992 2427 3055 267.
2480 3012 2560 3075 yr
2589 2992 2730 3053 duw
2771 3012 2848 3053 ac
2873 2989 3032 3075 yrof
3057 2990 3242 3053 ἰῆλαι
3287 2990 3442 3075 (per

516 3094 700 3159 deum
747 3100 810 3156 et
848 3114 951 3155 me
994 3087 1235 3175 ipsum)
1282 3088 1340 3171 3,
1372 3091 1515 3155 209.
1582 3114 1667 3154 na
1708 3091 1912 3175 rodas
1937 3092 2101 3177 yryfi
2142 3116 2182 3155 a
2225 3093 2366 3155 duw
2409 3091 2567 3176 (non
2613 3091 2777 3157 dabo
2819 3114 2936 3178 per
2978 3112 3076 3156 me
3123 3100 3187 3156 et
3219 3092 3443 3175 deum)

522 3199 576 3276 1,
608 3196 749 3259 265.
818 3204 957 3277 yrot
1000 3195 1051 3255 a·
1088 3192 1179 3253 mi
1222 3189 1529 3275 abwyllaf
1570 3214 1645 3257 ac
1688 3194 1928 3277 arodus
1955 3216 1998 3278 y
2041 3194 2198 3257 enei&
2237 3194 2406 3256 idaw
2448 3193 2597 3256 heno
2641 3191 2934 3280 (propter
2973 3205 3038 3259 te
3081 3216 3201 3277 ego
3245 3196 3444 3259 mise·

516 3298 701 3361 rebor
744 3303 807 3361 et
849 3293 1013 3359 dabo
1059 3292 1119 3356 ei
1163 3292 1354 3356 vitam
1396 3292 1517 3357 hac
1558 3292 1776 3376 nocte)
1827 3296 1881 3375 1,
1915 3296 2056 3358 270.
2115 3316 2178 3359 os
2220 3296 2320 3358 otlz
2361 3296 2484 3357 uod
2520 3316 2564 3379 y
2588 3317 2801 3379 ρωπος]
2843 3296 3047 3359 ditkeu
3083 3296 3260 3380 yrqft.
3303 3297 3444 3381 kys-

516 3397 737 3462 sondeb
790 3395 1112 3481 traqy-wyd
1162 3394 1449 3457 clvbwahan
1504 3396 1673 3478 auyd
1721 3417 1902 3479 yram
1966 3408 2068 3460 tra
2109 3417 2251 3459 nom
2309 3418 2443 3480 vyw
2498 3395 2586 3479 (si
2630 3405 2856 3484 sponte
2909 3406 2978 3462 tu
3019 3397 3219 3462 facies
3265 3398 3444 3477 mihi,

519 3498 901 3565 connubium
960 3505 1333 3581 perpetuum
1375 3495 1805 3581 inseparabile
1860 3499 1982 3563 erit
2020 3498 2241 3579 nobis,
2295 3520 2482 3583 quam
2527 3497 2636 3562 diu
2681 3498 2914 3564 erimus
2959 3500 3121 3580 vivi3
3181 3500 3262 3564 cf.
3307 3498 3448 3564 hib.

520 3610 643 3667 vet.
674 3598 909 3679 aiv-ibsi,
954 3599 1180 3678 aiv-riu,
1228 3596 1429 3675 vobis,
1478 3598 1591 3679 eis,
1636 3620 1698 3683 p.
1730 3600 1886 3684 624)
1918 3602 1975 3682 2,
2005 3603 2109 3665 46.
2199 3598 2361 3665 Cum
2393 3600 2436 3661 d
2479 3600 2535 3663 3.
2567 3622 2767 3685 pers.:
2815 3612 2925 3685 πμ
2948 3600 3180 3685 ywertlt
3223 3622 3448 3663 arnam

524 3702 601 3787 ef
628 3702 778 3765 dim.
822 3724 909 3765 na
950 3697 1195 3784 cynnaf
1222 3748 1235 3763 .
1262 3748 1276 3761 .
1314 3748 1326 3761 .
1360 3722 1439 3761 vn
1477 3686 1708 3784 ywmh.
1746 3702 1967 3785 yrclaw
2022 3700 2180 3784 (non
2224 3700 2498 3786 pretium
2541 3700 2606 3764 in
2651 3701 2762 3765 illo
2807 3700 3029 3781 ullum,
3086 3723 3216 3766 non
3271 3700 3450 3766 valet

528 3802 890 3888 quidquam.
944 3800 1093 3865 nolo
1138 3798 1335 3863 ullum
1379 3800 1680 3885 pretium,
1738 3824 2016 3883 sumere,
2073 3825 2188 3887 pro
2233 3802 2339 3886 eo)
2393 3801 2564 3867 Mab.
2609 3804 2666 3883 3,
2704 3804 2840 3869 158.
2909 3808 3078 3867 ianm
3125 3824 3226 3887 μω
3277 3803 3450 3865 idam

518 3902 720 3987 coffau
777 3902 913 3986 ymi
950 3924 1025 3965 ac
1063 3924 1143 3986 ξφ·
1182 3904 1364 3964 wreic
1408 3901 1605 3965 bonno
1648 3902 2023 3968 awnaethom
2061 3904 2284 3987 yrdaw
2338 3902 2606 3986 (iustum
2653 3913 2755 3969 est
2809 3905 2868 3970 ei
2908 3902 3230 3969 reminisci
3289 3902 3444 3967 mihi

523 4014 585 4070 et
626 4004 872 4069 mulieri
916 4001 1065 4066 huic
1108 4002 1277 4087 quod
1318 4001 1587 4065 fecimus
1633 4024 1747 4086 pro
1790 4004 1899 4087 eo)
1946 4006 2003 4085 3,
2037 4007 2136 4070 35.
2203 4004 2468 4089 kyuarth
2511 4006 2726 4069 arodei
2773 4028 2854 4089 φ·
2891 4006 3028 4070 Icum
3070 4004 3180 4069 heb
3214 4006 3452 4091 yilyaw

518 4106 753 4189 ,tp-dunt
796 4103 1006 4187 (stetit
1048 4111 1269 4167 contra
1310 4124 1524 4182 canes,
1566 4126 1695 4168 non
1740 4105 1996 4171 rediens
2036 4113 2296 4191 propter
2339 4126 2470 4186 eos,
2515 4105 2736 4190 ursus)
2781 4108 2840 4185 3,
2874 4110 3015 4172 150.

689 4203 1038 4270 Cornica
1088 4203 1206 4268 ER
1262 4226 1297 4267 e
1351 4204 1612 4289 propria
1666 4206 2134 4291 significatione
2189 4204 2410 4271 locali:
2477 4226 2546 4269 er
2599 4230 2684 4269 an
2739 4218 2898 4292 treys
2949 4226 3044 4270 me
3099 4228 3184 4271 an
3226 4206 3451 4291 hylden

522 4305 669 4392 (per
709 4306 909 4393 pedes
956 4328 1102 4370 eum
1145 4303 1498 4388 demittam)
1559 4304 1635 4369 R.
1669 4308 1853 4372 2082.
1923 4332 2004 4371 an
2049 4308 2243 4391 caffen
2297 4329 2364 4370 m·
2407 4332 2492 4371 an
2535 4306 2708 4371 asca!
2753 4330 2840 4392 yn
2883 4308 3114 4371 touleen
3169 4306 3260 4390 (si
3307 4329 3452 4371 eum

522 4430 845 4494 caperem,
890 4429 1005 4493 per
1048 4406 1304 4470 axillam
1348 4428 1491 4469 eum
1532 4406 1838 4492 iacerem)
1882 4408 1958 4473 R.
1992 4409 2134 4474 290.
2199 4408 2561 4494 hymereuqh.
2615 4428 2685 4472 er
2727 4433 2811 4473 cm
2854 4410 2991 4494 tkyo
3037 4408 3168 4473 baw
3214 4408 3448 4493 (corri-

522 4510 657 4596 pite
711 4532 825 4594 per
878 4506 1109 4593 pedes)
1164 4506 1241 4573 R.
1287 4508 1472 4572 2076.
1542 4530 1683 4594 croy
1735 4530 1870 4572 rom
1925 4509 1994 4574 bo
2048 4530 2116 4574 er
2167 4534 2252 4573 an
2295 4509 2519 4573 thewen
2573 4509 3022 4595 (suspendium
3074 4510 3283 4595 patiar
3337 4534 3456 4596 per

523 4608 849 4693 maxillas)
882 4606 962 4675 Ο.
996 4608 1156 4675 2651
1208 4650 1279 4659 -
1332 4608 1409 4674 cf.
1442 4609 1629 4693 erbyn
1674 4610 1990 4695 (obviam)
2033 4610 2198 4677 infra
2239 4612 2407 4677 inter
2433 4633 2696 4698 praepp.
2725 4612 3082 4677 nominales
3123 4646 3208 4659 —-
3253 4634 3456 4698 saepe

526 4708 938 4788 transfertur,
998 4718 1069 4774 ut
1122 4712 1506 4797 respondeat
1548 4711 1779 4777 cambr.
1824 4734 1921 4795 er,
1963 4736 2069 4798 ,ψη
2128 4736 2268 4779 cous
2307 4736 2375 4777 er
2429 4715 2524 4778 the
2551 4713 2706 4797 syth
2761 4713 3050 4800 (loquere
3103 4736 3220 4799 per
3259 4712 3457 4779 fidem

531 4812 737 4896 tuam)
794 4810 873 4877 Ο.
924 4812 1104 4877 1441.
1171 4812 1357 4877 laum·
1400 4812 1665 4896 thymmo
1718 4836 1784 4876 er
1826 4815 1922 4877 the
1949 4815 2089 4897 seth
2142 4814 2278 4897 (dic
2321 4813 2474 4879 mihi
2531 4836 2646 4900 per
2687 4816 2879 4881 fidem
2921 4815 3123 4899 tuam)
3183 4813 3266 4880 Ο.
3309 4816 3456 4879 676.

536 4912 856 4999 Ζειιενεαρή
896 4934 963 4975 er
1004 4936 1156 4999 aqas
1181 4913 1333 4998 fytlz
1375 4912 1601 4997 (dicite
1643 4922 1756 5000 per
1784 4915 1976 4981 fidem
2006 4915 2312 4997 vestram)
2345 4914 2420 4979 R.
2453 4916 2638 4981 2027.
2696 4919 2824 4983 dun
2849 4940 3042 5004 qaneo
3083 4938 3152 4981 er
3191 4938 3236 5000 y
3265 4916 3460 5001 ansas

527 5014 889 5098 (veniamus
937 5037 1081 5080 cum
1122 5038 1199 5080 eo
1231 5024 1487 5101 propter
1516 5016 1653 5081 eius
1684 5015 2016 5101 malitiam)
2047 5016 2128 5081 D.
2166 5020 2345 5083 1501.
2398 5040 2568 5103 yuyn
2611 5042 2735 5104 aya
2777 5018 2914 5101 bqqs
2955 5041 3022 5081 er
3051 5018 3232 5083 bones
3274 5018 3454 5104 (can-

528 5116 679 5182 dida
722 5140 931 5181 earum
981 5139 1120 5181 sors
1169 5116 1318 5202 quia
1362 5116 1539 5201 sunt)
1584 5116 1667 5181 D.
1701 5118 1885 5183 2650.
