3717 5642
781 413 883 484 IV
881 463 898 482 .
941 415 1002 481 4.
1061 429 1488 480 munem
1529 429 2009 480 nnsronnnum
2054 431 2535 482 nusum-nom.
2620 417 2759 478 (718.
2786 419 2907 474 719)
2974 417 3097 481 '157

216 617 336 692 quet
371 605 582 692 (estne
628 603 816 670 vivus
857 603 1020 690 ipse,
1065 623 1280 668 annon
1323 608 1423 667 est
1435 598 1495 684 Ρ)
1535 597 1679 666 MJ.
1723 598 1842 665 195
1855 598 1917 666 b.
1988 599 2119 667 Vix
2162 601 2389 670 eodem
2430 602 2753 689 pertinent
2791 601 2953 669 haec
2992 625 3101 668 ex·

220 707 428 796 empla:
461 728 541 794 pe
581 727 656 772 en
695 715 900 772 contre
939 705 1164 770 ezoude
1204 713 1302 770 aet
1341 702 1530 768 knech
1571 725 1656 768 na
1697 711 1844 766 τηου
1891 702 1991 787 (ιιι
2036 725 2225 791 quam
2265 703 2596 790 regionem
2638 705 2817 771 ivisti
2856 727 3107 772 sursum

220 821 312 877 aut
347 806 704 893 deorsum?)
746 805 884 874 MJ.
929 806 1122 873 190b.
1189 815 1473 892 coaequet
1514 801 1654 886 crqf
1701 816 1805 868 out
1851 825 1937 890 pe
1978 817 2149 872 ezout
2190 817 2325 871 mut
2376 805 2781 892 (obdormisti
2832 807 3111 892 graviter

219 922 313 978 aut
350 933 414 980 es
451 909 696 996 mutus)
745 910 932 976 104⁸.

1021 1177 1097 1248 C.
1161 1178 1622 1248 Particulae
1660 1179 2274 1269 respondentes.

358 1315 764 1388 Cambrice
808 1315 1064 1402 saepius
1109 1316 1277 1384 sicut
1315 1315 1644 1384 hibernico
1685 1323 1816 1382 tam
1859 1315 2235 1383 affirmative
2278 1338 2469 1403 quam
2498 1319 2797 1404 negative
2838 1343 3107 1409 respon-

215 1421 366 1488 detm·
403 1419 676 1508 repetita
719 1439 895 1501 voce,
942 1440 1068 1504 qua
1108 1419 1468 1486 continetur
1509 1419 1943 1505 interrogatiO,
1988 1419 2093 1486 vel
2135 1418 2535 1486 substantivo
2576 1420 2683 1488 vel
2724 1423 2938 1490 verbo.

352 1521 437 1589 Ut
479 1519 887 1590 affirmative:
935 1541 1007 1584 ae
1034 1542 1236 1586 amer
1272 1523 1432 1608 ynm'
1453 1532 1633 1608 vymt
1655 1543 1736 1608 yr
1767 1521 2018 1608 byrdeu.
2068 1521 2305 1586 Ameer.
2352 1521 2631 1608 arqlwyd
2671 1522 2783 1588 heb
2806 1546 2889 1610 yo-
2916 1528 3106 1592 owein

215 1623 395 1708 (estne
431 1633 689 1710 tempus
735 1621 923 1691 nobis
965 1623 1058 1689 ire
1103 1623 1184 1689 ad
1226 1623 1526 1690 mensas?
1580 1621 1896 1710 Tempus!
1958 1622 2213 1690 domine
2231 1673 2249 1705 ,
2292 1623 2627 1709 respondit
2668 1624 2780 1711 Ο.)
2834 1627 3007 1694 Mab.
3044 1632 3102 1712 1,

216 1726 298 1789 11.
357 1747 396 1789 a
437 1723 582 1812 bery
624 1726 696 1790 di
740 1725 838 1792 bot
877 1726 1230 1812 vymmarch
1271 1727 1302 1790 i
1339 1747 1444 1790 am
1472 1746 1668 1790 arueu
1705 1747 1793 1812 yn
1837 1725 2061 1811 vnletty
2100 1727 2233 1790 ami
2257 1725 2427 1791 lieno.
2475 1725 2698 1812 Parus
2724 1726 3100 1816 (pm-abisue

215 1833 275 1889 tu
311 1835 370 1891 ut
406 1827 533 1893 sint
575 1849 780 1915 equus
823 1849 1002 1894 meus
1048 1835 1113 1894 et
1155 1849 1330 1894 arma
1369 1849 1518 1894 mea
1555 1827 1626 1893 in
1667 1848 1795 1892 uno
1840 1825 2204 1893 habitaculo
2245 1847 2497 1894 mecum
2538 1827 2660 1895 hac
2702 1831 2935 1897 nocte?
2994 1854 3105 1919 pa-

64 1911 66 1914 *
211 1929 396 2015 rabol)
427 1932 482 2012 1,
514 1930 656 1996 264.
713 1950 852 1995 αοεε
880 1928 1180 1995 ckwedleu
1207 1951 1244 1994 ο
1271 1929 1488 2014 myd
1522 1940 1754 2015 yennyt
1793 1929 1860 1993 ti.
1924 1925 2038 1992 Oea
2065 1928 2347 2015 arqhoyd
2385 1929 2496 1994 heb
2518 1951 2601 2016 yr
2622 1943 2810 2016 ynteu
2840 1933 3106 2018 (suntne

215 2029 389 2094 nuntii
428 2029 580 2096 novi
623 2030 876 2098 tecum?
921 2030 1114 2100 Sunt!
1161 2029 1432 2112 domine,
1477 2029 1811 2117 respondit
1849 2029 1993 2116 ille)
2037 2029 2097 2111 2,
2132 2030 2189 2116 6.

351 2130 700 2218 Negativae
739 2132 1091 2219 particulae
1132 2132 1336 2198 forma
1374 2131 1503 2199 NA
1548 2131 1911 2215 adhibetur,
1969 2141 2117 2198 ante
2158 2131 2417 2200 vocales
2456 2132 2678 2201 NAO:
2746 2136 2945 2221 dywet
2994 2137 3107 2202 heb

213 2231 286 2316 ej.
323 2255 360 2296 a
393 2255 472 2298 vu
514 2233 588 2317 eff
613 2245 846 2322 qmmyt
885 2235 938 2299 ti
976 2258 1018 2300 α
1055 2234 1416 2322 qwneuchur
1459 2235 1688 2300 amuod
1728 2244 1933 2299 amat.
1989 2233 2089 2298 Na
2128 2255 2210 2297 vu
2252 2255 2399 2320 myn
2438 2247 2647 2322 vyyret
2687 2235 2798 2300 heb
2840 2238 2909 2302 hi
2948 2237 3103 2324 (dic,

217 2333 396 2418 inquit
432 2333 572 2416 ille,
627 2335 834 2402 fuitne
875 2336 936 2403 is
978 2337 1151 2425 apud
1189 2345 1256 2402 te
1300 2343 1365 2402 et
1403 2335 1559 2403 fecit
1597 2335 1840 2404 invitae
1881 2334 2047 2402 tibi?
2100 2334 2250 2401 Non
2290 2335 2438 2418 fuit,
2483 2359 2599 2423 per
2638 2337 2837 2404 fidem
2874 2361 3102 2424 meam,

217 2433 392 2521 inquit
416 2435 557 2521 illa)
599 2436 777 2505 Mab.
813 2440 867 2520 l,
895 2439 1038 2505 240.
1094 2462 1137 2503 a
1178 2459 1426 2525 vorwyn
1466 2436 1578 2502 heb
1614 2460 1659 2523 9
1695 2438 1965 2525 peu-edm·
2006 2437 2169 2524 αᾶο9
2212 2438 2284 2502 di
2316 2459 2361 2524 9
2405 2439 2637 2525 danqoc
2674 2444 2811 2524 ymi
2844 2463 2925 2526 yr
2967 2446 3105 2508 ani-

217 2537 319 2599 m‘l
352 2537 600 2604 lawnnw.
677 2538 816 2606 Nae
858 2540 939 2625 af
972 2563 1056 2627 ny
1095 2539 1428 2625 lyuaeswyo
1479 2539 1606 2625 dyn
1647 2549 1833 2626 uynet
1882 2561 1963 2625 yr
2001 2539 2209 2624 fforest
2258 2561 2339 2626 yr
2388 2559 2461 2624 98
2504 2538 2788 2626 ὂίιυ9ιί9π
2841 2543 2913 2630 (p
2922 2545 3103 2628 uella,

213 2637 392 2724 inquit
413 2637 512 2720 Ρ.,
557 2641 866 2710 veniesne
905 2651 978 2709 tu
1005 2651 1424 2710 monstratum
1463 2640 1618 2707 mihi
1660 2640 1899 2708 animal
1938 2641 2149 2708 illud?
2190 2642 2341 2707 Non
2367 2639 2509 2708 ibo!
2554 2663 2685 2708 non
2714 2645 2865 2712 sivit
2902 2646 3105 2713 homi-

213 2761 334 2804 nem
354 2740 444 2806 ire
472 2741 556 2808 ad
585 2743 816 2811 silvam
842 2746 972 2812 iam
999 2767 1114 2834 per
1143 2743 1410 2830 annum)
1446 2746 1504 2827 l,
1534 2744 1679 2809 293.
1734 2754 2105 2810 aatwaenoet
2134 2745 2205 2810 di
2225 2765 2269 2831 9
2297 2744 2645 2809 marehawc
2682 2767 2862 2812 raeco
2888 2768 3103 2814 mawr.

219 2864 317 2906 nae
353 2855 546 2909 atwen
585 2845 698 2911 heb
733 2867 816 2933 9ν
852 2860 1038 2934 ymen
1082 2847 1368 2932 (nostine
1408 2855 1480 2911 tu
1523 2846 1801 2932 equitem
1842 2845 2026 2912 illum
2066 2844 2406 2934 magnum?
2447 2845 2595 2912 Non
2624 2848 2794 2930 novi,
2836 2870 3101 2936 respon-

217 2943 294 3008 dit
328 2943 458 3030 ille)
503 2947 699 3029 2,10.
795 2949 957 3016 Inde
1001 2949 1198 3016 oritur
1238 2948 1508 3015 formula
1547 2945 1733 3015 NAO
1773 2946 1889 3013 EF
1933 2947 2095 3032 (non
2135 2948 2231 3014 id!
2293 2968 2487 3033 germ.
2516 2948 2660 3011 neira
2672 2949 2755 3032 !):
2822 2953 2959 3036 tyci-a·
2998 2975 3105 3037 vy-

213 3043 418 3111 cltwaer
453 3047 566 3114 heb
603 3071 648 3136 9
681 3053 972 3137 peredwr.
1015 3053 1183 3138 myoi
1221 3075 1264 3116 a
1303 3050 1554 3136 ronnas
1581 3071 1626 3136 9
1671 3047 1828 3136 bwyt
1870 3071 1949 3115 ar
1992 3049 2181 3136 llyma.
2258 3047 2401 3114 Nac
2442 3048 2519 3134 ef
2548 3051 2705 3114 eneit
2744 3051 2856 3116 heb
2895 3055 2965 3118 ki
3003 3054 3103 3137 (tu

213 3169 329 3214 mea
363 3150 569 3218 soror!
614 3150 824 3239 inquit
869 3152 943 3218 P.
959 3174 1142 3239 ,ego
1188 3150 1561 3218 distribuam
1605 3151 1816 3218 cibum
1857 3161 1922 3218 et
1962 3159 2203 3240 potum.
2288 3149 2575 3234 Minime,
2622 3153 2849 3234 anima,
2896 3155 3104 3241 inquit

219 3248 333 3335 illa)
367 3251 1185 3336 Mab.1‚251.arh0woh
1235 3255 1300 3317 vi
1343 3275 1491 3340 yma
1531 3253 1642 3319 heb
1689 3275 1736 3340 9
1781 3255 2055 3341 peredur
2094 3256 2188 3318 mi
2226 3252 2352 3338 aas
2390 3273 2435 3338 9
2471 3252 2745 3338 9ηιωεῑει
2799 3277 2875 3318 ar
2922 3258 3099 3342 prgff.

218 3347 332 3417 Nae
381 3355 456 3439 gf
483 3355 770 3442 arqlwyd
807 3355 920 3421 heb
959 3367 1141 3443 wynt.
1199 3378 1339 3420 aum
1378 3366 1530 3442 yyyt
1565 3377 1608 3442 9
1647 3356 1869 3443 ymlad
1922 3379 1999 3421 ar
2030 3359 2201 3444 prus
2254 3356 2617 3442 (expectate
2668 3378 2772 3422 me
2812 3355 2945 3439 hic,
3004 3358 3101 3423 in-

213 3453 324 3538 quit
355 3453 457 3540 P.,
527 3478 647 3544 ego
701 3457 810 3525 ibo
861 3457 945 3524 ad
998 3456 1386 3524 visitandum
1441 3467 1820 3543 serpentem.
1930 3457 2226 3541 Minime,
2286 3456 2572 3539 domine,
2628 3457 2924 3545 inquiunt
2975 3460 3097 3541 illi3

215 3575 390 3624 eamus
444 3582 578 3626 una
629 3558 712 3625 ad
755 3560 1126 3627 certandum
1181 3581 1326 3626 cum
1369 3560 1712 3646 serpent-,ey
1759 3562 1814 3642 1,
1860 3561 1983 3625 277
2016 3581 2111 3646 eq.
2207 3557 2425 3627 Hodie
2479 3581 2732 3647 quoque
2784 3584 2908 3647 naq
2950 3583 2983 3625 e
3030 3563 3101 3626 in

216 3662 490 3728 sententia
528 3660 798 3729 biblica:
870 3662 1112 3750 bydded
1165 3661 1296 3726 eie-h
1343 3661 1818 3748 ymarweddiad
1857 3659 1957 3742 Ie,
1997 3664 2085 3738 iii,-
2148 3659 2295 3747 Nay
2339 3682 2370 3724 e
2384 3707 2403 3740 ‚
2465 3683 2589 3747 naq
2632 3681 2663 3724 e
2720 3660 2838 3745 (sit
2892 3684 3098 3728 sermo

216 3771 412 3830 vester:
473 3773 604 3848 est,
661 3773 790 3846 est3
843 3785 1005 3847 non,
1057 3786 1190 3831 non
1204 3765 1272 3850 1).
1371 3762 1528 3831 Hib.
1573 3763 1761 3830 παεῘιό
1813 3763 2202 3851 respondere
2256 3761 2511 3829 videtur
2568 3762 2800 3828 cambr.
2843 3762 3097 3830 NADO

215 3861 351 3944 (hod.
389 3889 476 3932 na
517 3866 705 3951 ddo):
751 3867 844 3930 mi
883 3863 1204 3954 adebyqaf
1229 3914 1246 3932 .
1273 3915 1288 3932 .
1313 3915 1330 3930 .
1371 3867 1716 3932 nacheueiet
1769 3891 1855 3930 na
1913 3865 2071 3951 bwyt
2110 3867 2405 3931 nadiawt.
2473 3861 2663 3928 Nado
2710 3865 2873 3950 yros
2912 3866 3097 3930 aduw

77 3983 79 3992 ·
216 3962 296 4027 1ιώ
334 3978 513 4050 μισ-ιι
567 3968 722 4053 (ego
765 3967 994 4057 opinor
1045 3975 1112 4033 te
1163 3990 1297 4034 non
1338 3967 1670 4056 accepisse
1721 3990 1845 4035 nec
1896 3967 2108 4034 cibum
2158 3988 2283 4032 nec
2335 3974 2575 4053 potum.
2674 3964 2824 4031 Non
2876 3967 3099 4054 accepi

76 4153 77 4170 Σ
217 4085 302 4148 per
333 4089 426 4133 me
469 4079 537 4134 et
577 4071 788 4153 deum,
833 4069 1046 4156 inquit
1086 4069 1228 4154 ille)
1270 4067 1444 4136 Mab.
1477 4071 1536 4151 2,
1567 4071 1668 4134 42.

80 4214 89 4243 ;
347 4169 561 4254 Quare
605 4171 717 4238 vix
744 4169 1038 4238 invenias
1081 4170 1457 4259 particulam
1497 4194 1617 4237 nac
1645 4171 1844 4240 solam
1887 4180 2276 4258 usurpatam,
2322 4179 2390 4236 ut
2426 4169 2552 4237 fuit
2576 4169 2907 4237 hibernica
2948 4193 3091 4258 par-

77 4269 91 4319 '·
220 4268 372 4338 titula
408 4274 714 4361 negativa
752 4273 1152 4361 respondens
1194 4276 1374 4338 mico
1425 4274 1518 4362 (p.
1563 4273 1747 4360 749);
1801 4275 2125 4341 invenitur
2175 4281 2389 4338 tamen
2434 4273 2819 4341 substantivi
2862 4272 3094 4338 instar:

224 4369 362 4456 ἅμα
403 4397 438 4438 ο
474 4387 708 4462 yonnat
749 4376 972 4441 arthur
1014 4397 1175 4441 anae
1210 4375 1424 4462 qenthi
1462 4399 1497 4441 o
1523 4376 1794 4441 {wadon
1829 4375 2054 4460 (rediri
2096 4397 2137 4441 a
2162 4374 2481 4461 legatione
2507 4374 2775 4440 Arthuri
2804 4382 3097 4460 coeptum

76 4579 77 4582 Ἴ
223 4481 268 4535 et
295 4498 426 4560 uon,
467 4478 510 4542 i.
543 4501 600 4544 e.
646 4477 924 4564 negatiO,
968 4477 1251 4565 repulsa,
1297 4499 1439 4544 cum
1483 4501 1561 4546 ea
1606 4501 1686 4545 ex
1727 4476 2103 4562 Hibernia),
2144 4478 2360 4564 qwedy
2402 4477 2677 4563 lleueryd
2714 4499 2835 4540 nac
2874 4476 3095 4540 udunt.

77 4609 79 4642 ι
224 4569 404 4742 ξμὲοῧ
440 4602 636 4646 σοι-ιω
679 4579 926 4669 bedwyr
965 4579 1338 4668 (postquam
1383 4579 1622 4647 dictum
1648 4603 1798 4664 non,
1843 4589 2143 4667 negatum
2188 4586 2287 4645 est
2315 4577 2431 4662 eis,
2478 4578 2755 4645 surrexit
2779 4575 2889 4661 B.)
2918 4575 3095 4643 Mab.

343 4775 398 4843 Ε
429 4786 752 4852 contrario
796 4793 945 4853 sunt
970 4782 1268 4873 propriae
1311 4782 1620 4870 quaedam
1652 4783 2005 4850 cambricae
2032 4781 2384 4870 particuiae
2414 4780 2821 4863 affirmantes,
2867 4780 3097 4866 quibus

78 4855 81 4913 ἶ
226 4897 348 4953 met
380 4889 606 4975 lingua
631 4885 978 4955 hibernica.
1041 4886 1144 4953 Ex
1174 4884 1278 4951 his
1305 4884 1694 4972 frequentior
1722 4885 1841 4969 IE,
1887 4881 2078 4950 IEU:
2135 4905 2209 4946 ae
2229 4906 2363 4970 ρων
2400 4906 2443 4969 9
2474 4882 2695 4946 arthur
2734 4893 2859 4968 wyt
2898 4883 2951 4945 ti
2987 4881 3099 4946 hab

80 5005 81 5020 *
226 4989 280 5066 ef·
315 4989 364 5055 Ie
399 5013 548 5078 myn
589 4987 838 5077 vyykret
879 4987 989 5054 heb
1025 5011 1072 5075 9
1102 4988 1397 5074 peredur,
1442 4987 1554 5053 heb
1591 5010 1634 5074 9
1672 4986 2035 5075 ywalchmez‘
2074 4982 2257 5069 (num
2298 4985 2398 5050 vir
2422 4983 2691 5050 Art-huri
2730 5005 2801 5050 es
2846 4982 2956 5048 tu?
2996 4983 3097 5048 in-

80 5113 81 5134 *
231 5091 327 5172 quit
352 5093 481 5163 ille.
563 5089 697 5159 Ita!
740 5112 858 5178 per
902 5090 1098 5156 fidem
1140 5110 1372 5166 meam,
1415 5089 1626 5177 inquit
1664 5088 1771 5172 Ρ.,
1817 5085 1934 5172 G.)
1976 5085 2151 5153 Mab.
2198 5089 2253 5171 1,
2285 5087 2429 5152 244.
2462 5086 2605 5152 285.
2691 5083 3095 5172 Quamquam

80 5194 93 5261 ἱ
235 5195 434 5284 Μῃίιιι
485 5193 648 5263 haec
689 5191 1006 5286 particula
1074 5213 1205 5259 non
1258 5201 1389 5261 tam
1447 5190 1798 5282 respondet
1813 5241 1831 5276 ,
1890 5211 2078 5276 quam
2119 5187 2479 5272 confirmat,
2530 5187 2719 5254 immo
2774 5186 3095 5277 interdum
