3717 5642
473 337 598 402 520
662 338 805 402 (⁵10)
962 332 1086 400 111.
1131 335 1190 402 2.
1257 351 1460 399 vnum
1503 351 1682 398 amr.
1727 351 1957 398 Aorm
1998 351 2229 400 rmus,
2274 353 2363 398 m·
2404 353 2556 400 rur.
2602 351 2884 400 snotmn.

476 532 532 586 te
565 520 765 607 prqffe
815 521 998 604 (tune
1041 519 1343 607 probares
1358 516 1420 603 Ρ)
1469 520 1610 601 158,
1644 519 1742 584 10.
1791 519 1932 600 164,
1964 521 2024 583 6.
2094 541 2189 584 me
2229 542 2303 585 en
2344 521 2522 586 toules
2566 519 2663 604 (id
2704 518 3073 602 iuraverim,
3116 518 3187 584 id
3227 519 3403 584 iura-

473 622 640 708 rem)
672 623 772 704 94,
807 625 905 687 11.
954 623 1091 703 172,
1123 622 1182 686 8.
1238 644 1278 685 a
1310 631 1365 684 te
1393 621 1568 686 touhe
1595 619 1778 705 (tune
1803 619 2048 685 iurares
2063 619 2123 705 Ρ)
2159 622 2297 704 164,
2336 624 2433 688 15.
2487 647 2529 688 a
2558 623 2683 708 huy
2711 644 2752 685 α
2780 621 2942 686 toehe
2970 619 3203 703 (vosne
3230 620 3405 686 iura-

474 724 629 790 retis
642 723 703 808 Ρ)
753 724 889 805 160,
921 724 981 790 6.
1069 719 1233 788 Cum
1263 744 1331 808 -y
1372 744 1488 808 pro
1518 743 1608 787 ·e:
1649 743 1778 807 pan
1809 722 2067 808 diquery
2111 746 2197 787 an
2237 726 2505 809 scm‘ptur
2549 725 2723 808 (cum
2753 721 3080 809 aperiebat
3123 721 3406 809 scriptu-

474 824 640 910 ram)
684 823 820 889 MJ.
852 825 976 890 209
989 825 1050 892 b.

641 925 814 991 Plur.
875 931 930 991 1.
973 947 1143 1014 pers.
1199 923 1432 990 cambr.
1475 922 1610 990 EM
1661 923 1948 1008 (servata
1987 927 2116 1012 m):
2176 925 2423 1013 qwelem
2448 977 2464 993 .
2496 979 2509 992 .
2538 979 2551 994 .
2587 927 2821 1012 mynyd
2860 947 3055 990 mawr
3109 924 3407 1009 (videbar-

475 1051 617 1095 mus
657 1035 930 1093 montem
971 1025 1300 1112 magnum)
1343 1025 1516 1091 Mab.
1561 1027 1619 1108 3,
1665 1028 1766 1092 93.
1839 1028 1935 1092 bei
1979 1027 2291 1112 ymladem
2346 1031 2419 1092 ni
2471 1051 2551 1110 ae¹
2585 1039 2841 1113 wyntwy
2884 1027 3000 1091 οἶοι
3040 1029 3207 1092 drwc
3250 1051 3403 1112 avy-

477 1132 581 1197 dei
619 1150 845 1194 arnam
902 1127 992 1212 (si
1033 1151 1463 1214 pugnaremus
1505 1151 1630 1194 nos
1672 1151 1819 1194 cum
1860 1129 2026 1211 inis,
2070 1126 2239 1192 fama
2277 1129 2449 1194 mala
2491 1137 2664 1195 esset
2706 1129 2775 1193 in
2816 1129 2969 1212 nos)
3014 1130 3071 1212 3,
3114 1129 3253 1194 148.
3320 1130 3409 1193 Ιια

475 1233 743 1300 unbenn.
788 1234 860 1295 ni
901 1231 1340 1317 aymdidanem
1381 1256 1424 1297 a
1451 1231 1560 1297 tbi.
1607 1253 1724 1316 ony
1768 1230 1864 1294 bei
1905 1231 2105 1294 lesteir
2148 1252 2226 1294 ar
2268 1232 2349 1315 dy
2392 1243 2548 1316 vat
2592 1231 2661 1316 (o
2691 1232 3013 1318 princeps,
3056 1253 3175 1297 nos
3206 1231 3411 1297 collo-

477 1337 607 1402 cuti
663 1356 952 1400 essemus
995 1342 1234 1416 tecum,
1294 1334 1350 1398 si
1403 1356 1534 1399 non
1579 1342 1752 1399 esset
1806 1331 2321 1419 impedimentum
2371 1333 2441 1396 in
2480 1333 2745 1419 prandio
2788 1343 2937 1420 tuo)
2994 1337 3047 1415 1,
3080 1336 3137 1398 5.
3210 1333 3413 1418 peida

472 1449 700 1525 yennyt
742 1439 808 1501 ti.
867 1437 941 1498 ni
979 1437 1263 1523 ayerdem
1321 1461 1405 1499 un
1449 1437 1580 1522 dyd
1621 1447 1802 1500 etcum
1860 1433 1950 1517 (si
1993 1433 2245 1520 placeat
2296 1434 2445 1518 tibi,
2508 1457 2627 1500 nos
2680 1435 3157 1521 proficiscamur
3210 1459 3409 1500 unum

481 1541 646 1607 diem
690 1537 997 1625 amplius)
1042 1538 1100 1620 2,
1133 1539 1233 1602 61.

646 1641 838 1708 Corn.
893 1637 1043 1722 EN,
1101 1638 1253 1704 AN:
1327 1637 1432 1722 bys
1475 1637 1730 1722 venytha
1785 1660 1872 1700 na
1927 1656 2139 1699 sorren
2194 1635 2293 1720 (in
2338 1647 2713 1724 perpetuum
2768 1659 2899 1702 non
2954 1637 3410 1722 irasceremur)

482 1742 563 1811 O.
595 1743 738 1807 220.
803 1762 986 1806 mara
1024 1755 1182 1826 pe3a
1225 1741 1393 1825 deqis
1430 1761 1588 1824 qam
1627 1761 1671 1824 y
1715 1739 1830 1802 dus
1872 1761 2001 1802 nan
2044 1738 2250 1822 caffan
2292 1761 2377 1824 ny
2419 1738 2512 1823 (si
2554 1737 2744 1803 fuerit
2784 1739 2841 1804 is
2887 1740 3135 1804 ablatus
3183 1763 3223 1805 a
3265 1740 3413 1806 suis

477 1843 867 1924 hominibus,
909 1851 981 1907 ut
1021 1865 1150 1908 non
1192 1840 1592 1906 inveniamus
1639 1862 1781 1905 eum
1820 1838 1972 1923 nos)
2030 1837 2104 1902 P.
2148 1839 2292 1922 240,
2324 1841 2381 1903 3.
2444 1863 2531 1925 yn
2572 1862 2732 1904 vrna
2772 1853 3070 1906 martesem
3114 1843 3273 1907 theth.
3312 1843 3413 1906 la-

479 1967 692 2010 uarow
729 1966 773 2029 y
813 1941 1019 2008 lev-esen
1062 1944 1245 2028 (tunc
1288 1943 1568 2008 fortasse
1609 1941 1823 2006 verbis
1866 1940 1993 2006 tuis
2039 1940 2471 2026 crederemus)
2514 1939 2598 2006 D.
2632 1943 2799 2008 2870
2826 1966 2921 2031 sq.

655 2046 870 2109 Arem.
915 2043 1102 2110 EMP
1123 2067 1166 2108 :-
1205 2067 1326 2108 non
1369 2067 1464 2110 em
1507 2048 1746 2131 cajemp
1788 2055 1930 2128 quet
1971 2042 2132 2127 (non
2172 2042 2655 2109 inveniebamus
2700 2047 2849 2132 nos)
2900 2045 3035 2112 MJ.
3070 2045 3267 2111 2191).
3336 2068 3403 2108 e:

481 2147 754 2233 dlehemp
792 2147 944 2210 soler
984 2146 1148 2210 &ider
1189 2146 1262 2210 he
1288 2157 1588 2231 quemeret
1629 2146 2003 2230 (debeamus
2049 2145 2188 2210 sine
2220 2144 2410 2210 dubio
2457 2167 2593 2208 eam
2621 2147 2937 2233 recipere)
2965 2145 3129 2212 Buh.
3162 2147 3263 2230 22,
3300 2149 3405 2212 15.

478 2270 558 2334 pe
600 2248 710 2312 dre
740 2248 840 2332 fet
885 2269 948 2310 ve
989 2269 1053 2310 ez
1097 2248 1382 2334 qallzemp
1441 2271 1472 2312 e
1512 2247 1722 2333 cafout
1774 2247 1932 2333 (qua
1970 2246 2217 2312 ratione
2257 2245 2373 2311 fiat
2420 2256 2491 2310 ut
2532 2247 2856 2332 possimus
2902 2269 3063 2314 eum.
3084 2248 3411 2334 invenire)

480 2349 622 2416 MJ.
654 2351 853 2416 2231).
912 2370 1026 2413 nen
1069 2349 1367 2436 cretlzemp
1410 2361 1561 2433 quet,
1595 2351 1755 2432 (non
1796 2349 2198 2414 crederemus
2241 2346 2340 2431 id)
2385 2347 2587 2412 2201).

649 2452 707 2516 2.
752 2473 919 2538 pers.
995 2451 1227 2516 cambr.
1283 2449 1428 2516 EW
1439 2448 1593 2517 CH:
1651 2451 1762 2535 pei
1810 2471 1959 2514 nam
2016 2449 2377 2535 qoyaneweh.
2430 2451 2522 2513 mi
2574 2473 2613 2512 a
2652 2448 2900 2534 qyskwn
2955 2450 3044 2534 (si
3084 2473 3216 2516 non
3268 2451 3415 2516 irri-

482 2553 686 2620 deatis
730 2574 864 2636 me,
923 2575 1042 2639 ego
1087 2551 1423 2637 dormiam)
1467 2551 1641 2618 Mab.
1690 2556 1747 2633 1,
1780 2551 1838 2615 2.
1889 2553 1999 2636 pei
2038 2552 2389 2634 mynnewch,
2430 2551 2587 2614 chwi
2626 2553 2775 2634 vyui
2812 2551 3077 2616 droctaw
3120 2554 3199 2637 ef.
3256 2555 3422 2618 ‘mini

483 2679 662 2720 aawn
700 2677 744 2740 y
786 2655 940 2719 chwi
979 2655 1069 2740 (si
1111 2678 1229 2720 vos
1273 2653 1485 2720 velitis
1532 2677 1630 2718 me
1673 2675 1787 2740 pro
1835 2675 1933 2735 eo,
1982 2674 2102 2739 ego
2149 2675 2291 2717 eam
2334 2661 2555 2718 contra
2596 2651 2743 2736 vos)
2794 2657 2847 2734 1,
2880 2653 2981 2716 35.

653 2757 842 2824 Corn.
887 2755 1167 2840 EUGH,
1210 2755 1438 2822 EGH:
1484 2755 1618 2839 why
1661 2777 1700 2817 a
1745 2754 2063 2839 thyndylse
2105 2777 2253 2817 onor
2296 2777 2438 2821 mar
2480 2755 2755 2840 calleuqk
2797 2755 2917 2838 dry
2946 2757 3054 2818 An
3094 2757 3264 2820 ihesu
3308 2758 3413 2822 the

482 2881 588 2924 cen
629 2881 932 2945 cryyyane
983 2857 1412 2945 (mereremini
1455 2858 1758 2922 honorem
1802 2857 1855 2921 si
1902 2856 2183 2942 possetis
2222 2855 2385 2922 ferre
2428 2850 2642 2924 Iesum
2686 2857 2765 2921 ad
2810 2857 2999 2922 aliam
3039 2858 3262 2943 fidem)
3321 2859 3411 2925 D.

488 2959 840 3025 1992-94.
912 2984 952 3025 a
994 2961 1268 3047 vynneqk
1311 2960 1372 3024 ol
1398 2970 1667 3043 aseentye
1708 2957 2079 3043 (velletisne
2110 2981 2329 3026 omnes
2361 2960 2657 3026 assentiri
2669 2957 2729 3044 Ρ)
2773 2959 2856 3024 D.
2895 2961 3080 3025 2037.
3124 2963 3411 3048 Jzysouqk,

481 3085 569 3126 na
611 3063 903 3149 entreuqk
939 3085 1026 3148 yn
1069 3072 1444 3146 tempta-yon
1490 3060 1696 3144 (orate
1739 3083 1821 3125 ne
1865 3060 2116 3126 intretis
2160 3062 2229 3126 in
2271 3060 2779 3148 temptat-ionem)
2824 3060 2907 3125 D.
2942 3061 3125 3124 1059.

647 3165 863 3229 Arem.
905 3160 1118 3230 EGH:
1187 3184 1374 3245 perae
1427 3184 1500 3226 en
1544 3162 1672 3226 lech,
1711 3184 1791 3225 no
1835 3161 2121 3226 dalchech
2163 3163 2287 3247 huy
2344 3163 2486 3246 (cur
2528 3163 2701 3228 illico
2758 3185 2885 3228 non
2930 3163 3251 3228 tenebatis
3296 3185 3413 3229 eas

482 3287 602 3331 vos
613 3265 673 3350 Ρ)
703 3264 838 3330 MJ.
875 3265 998 3330 219
1013 3288 1068 3329 a.
1121 3286 1262 3327 maz
1302 3265 1518 3328 car-eelz
1559 3265 1712 3328 soler
1755 3286 1857 3328 ma
1888 3274 2191 3346 quemeret
2232 3285 2295 3326 ez
2324 3265 2516 3328 rahen
2558 3276 2767 3350 requet
2809 3265 2897 3350 (si
2929 3265 3112 3331 vobis
3157 3265 3417 3352 placeat

484 3377 700 3454 aperte
745 3389 842 3432 me
887 3367 1200 3452 recipere,
1249 3387 1368 3451 ego
1410 3365 1636 3430 faciam
1669 3365 2066 3452 mandatum)
2095 3365 2256 3431 Buh.
2288 3367 2395 3448 20,
2428 3370 2489 3430 4.
2554 3389 2649 3430 me
2692 3378 2817 3431 eret
2858 3389 2975 3452 nep
3020 3367 3145 3430 lech
3188 3390 3265 3430 ne
3308 3391 3419 3432 ea·-

479 3469 620 3534 rech
670 3480 816 3553 quet
865 3489 928 3530 ez
976 3467 1277 3553 yralzemp
1321 3468 1530 3552 pec-ket
1588 3468 1837 3552 (crede,
1896 3491 2295 3554 nequaquam
2350 3469 2634 3554 placeret
2686 3468 2870 3534 vobis
2913 3477 3001 3532 ·ut
3052 3467 3415 3535 faceremus

483 3570 847 3658 peccatum)
894 3570 994 3651 38,
1041 3571 1137 3634 18.
1176 3569 1271 3632 19.
1355 3591 1498 3632 mar
1541 3569 1682 3633 bech.
1723 3570 1970 3656 ama[n]
2027 3593 2099 3634 en
2156 3583 2217 3655 ty
2273 3591 2420 3632 man
2464 3569 2661 3633 leanee
2700 3591 2959 3634 renoncc
3020 3572 3149 3634 dan
3193 3569 3285 3633 bet
3308 3620 3325 3634 .
3353 3620 3369 3633 .
3400 3623 3417 3636 .

483 3671 835 3758 aranqueolz
876 3671 965 3756 (si
997 3671 1226 3737 essetis
1267 3670 1372 3736 hic
1415 3671 1483 3736 in
1514 3672 1700 3736 domo
1745 3672 1867 3737 hac
1896 3672 2209 3755 monialis,
2256 3672 2620 3736 renuntiare
2660 3672 2893 3737 mundo
2925 3672 3275 3758 deberetis)
3307 3673 3416 3756 20,

488 3775 718 3840 8-11,
783 3775 864 3836 ha
907 3793 1047 3837 mar
1083 3773 1313 3852 fallech
1353 3767 1698 3858 mezequaet
1749 3775 1891 3838 veclz
1935 3775 2155 3861 (atque
2202 3775 2258 3838 si
2301 3772 2642 3854 deficiatis,
2704 3773 2945 3861 pudore
2992 3775 3415 3860 afficiamini),

487 3897 628 3940 mar
670 3875 746 3939 Ιιο
774 3872 1184 3938 droam-etech
1225 3872 1314 3956 (si
1355 3875 1522 3940 male
1568 3897 1678 3941 eos
1711 3875 2079 3964 excipiatis)
2110 3872 2247 3940 MJ.
2280 3877 2317 3939 6
2339 3898 2392 3938 a.
2448 3896 2525 3958 pe
2566 3876 2676 3938 dre
2718 3887 2838 3939 stat
2881 3897 2945 3938 ez
2982 3879 3265 3964 qolchech
3306 3901 3417 3942 ma

487 3977 627 4041 treit
667 3997 762 4040 me
807 3977 964 4062 (quo
1011 3982 1176 4039 statu
1218 3973 1520 4041 lavaretis
1559 4000 1736 4042 meos
1783 3978 1982 4065 pedes
2000 3977 2059 4061 Ρ)
2089 3979 2159 4043 5]
2180 3980 2243 4042 b.
2301 3999 2365 4040 ez
2408 4000 2479 4040 eu
2509 3988 2603 4039 ret
2645 3977 2759 4062 hep
2801 3990 2946 4061 quet
2988 3979 3159 4043 ehem
3202 4001 3232 4042 e
3257 4001 3418 4066 qou-

493 4079 748 4162 zaflzeclz
805 4101 890 4141 an
920 4098 1092 4162 poan
1151 4074 1451 4159 (necesse
1497 4087 1595 4143 est
1638 4079 1778 4144 sine
1823 4079 1956 4144 ulla
1996 4102 2173 4146 mora
2215 4078 2539 4166 patiamini
2590 4078 3002 4166 supplicium)
3054 4083 3209 4146 44³„
3272 4103 3421 4144 mar

488 4180 588 4244 bez
637 4191 732 4243 ret
771 4201 836 4243 ez
875 4177 1250 4265 qouzafhech
1291 4179 1418 4264 huy
1459 4203 1544 4243 an
1584 4203 1762 4245 mam>
1801 4204 1959 4268 yar-v
2003 4203 2063 4245 se
2116 4182 2202 4266 (si
2248 4203 2516 4246 necesse
2562 4192 2661 4246 est
2700 4181 3031 4267 patiamini
3086 4205 3203 4248 vos
3248 4204 3420 4247 mor-

482 4293 610 4348 tem
641 4281 961 4347 crudelem
990 4279 1209 4364 istam)
1241 4279 1323 4345 34
1335 4302 1392 4343 a.
1451 4294 1594 4364 quet
1621 4304 1696 4346 ne
1723 4282 1949 4367 caffech
1978 4305 2064 4346 un
2097 4281 2419 4368 banhe[ch]
2458 4283 2582 4360 laez
2624 4282 2797 4365 (non.
2820 4283 3195 4350 inveneritis
3224 4283 3425 4348 ullam

387 4449 398 4459 ,
484 4393 721 4470 guttam
763 4381 982 4466 lactis)
1043 4382 1159 4445 201
1180 4404 1235 4446 a.
1347 4384 1457 4447 An
1509 4383 1670 4449 forte
1725 4385 1915 4449 etiam
1968 4382 2083 4449 ET
2140 4384 2222 4448 ·in
2278 4383 2586 4469 exemplis
2644 4407 2837 4471 supra
2890 4386 3026 4472 (pp.
3072 4387 3213 4450 511.
3256 4385 3420 4469 514)

483 4485 876 4572 propositis?

651 4587 710 4651 3.
768 4610 935 4674 pers.
1004 4587 1238 4650 cambr.
1294 4585 1446 4652 INT
1505 4587 1828 4672 (inficiens
1875 4613 1941 4670 α,
2000 4612 2131 4654 non
2176 4589 2470 4653 inficiens
2516 4598 2765 4654 ceteras
2807 4589 3117 4674 vocales).
3218 4587 3424 4654 Vetu-

487 4689 685 4754 stiora
727 4687 1046 4775 exempla:
1091 4691 1510 4775 scamnheyint
1555 4690 1670 4776 (gl.
1701 4691 1949 4772 levant3
1996 4691 2036 4755 i.
2070 4714 2125 4755 e.
2152 4690 2486 4776 levabant)
2518 4687 2635 4756 Ob.
2670 4693 2729 4754 4.
2787 4691 3129 4755 πενιήἠθίπε
3167 4690 3282 4775 (gl.
3316 4713 3424 4754 ar-

483 4799 679 4876 mant,
729 4789 985 4871 fortiu83
1032 4789 1073 4853 i.
1108 4812 1160 4855 e.
1207 4790 1535 4856 hortentur
1547 4791 1606 4875 ?)
1649 4790 1767 4858 Cb.
1800 4793 1903 4857 89.
1990 4791 2397 4858 Recentiora:
2456 4815 2530 4856 ac
2570 4803 2736 4876 wynt
2778 4792 3041 4878 awelynt
3086 4812 3208 4877 yno
3250 4790 3424 4854 eilun

487 4893 614 4978 dyn
669 4892 767 4976 (et
809 4891 1114 4958 videbant
1167 4892 1257 4958 ibi
1300 4893 1560 4958 formam
1603 4892 1909 4979 hominis)
1960 4892 2134 4960 Mab.
2184 4896 2237 4976 1,
2282 4894 2381 4958 27.
2458 4917 2532 4957 ac
2584 4916 2628 4978 y
2680 4893 3037 4958 lem-dassant
3086 4914 3215 4978 φεμ
3271 4891 3333 4954 ol
3386 4914 3425 4955 ο

488 4993 730 5058 ασΙιαωε
777 5017 854 5058 eu
895 4994 1366 5079 kedymdeithas.
1429 5017 1464 5058 0
1507 4996 1694 5058 meint
1749 4997 1840 5080 yd
1877 5008 2201 5082 yvnqerynt
2253 4994 2349 5078 (et
2393 4995 2593 5060 secuti
2640 5004 2787 5060 sunt
2830 5017 2968 5059 eum
3014 5002 3269 5081 propter
3312 5015 3425 5058 so-

488 5095 812 5162 dalitatem
858 5118 1074 5176 suam,
1123 5105 1186 5160 et
1225 5097 1722 5182 magnitudinem
1769 5097 2000 5162 amoris
2046 5119 2171 5183 quo
2219 5119 2289 5161 se
2334 5097 2663 5180 amabant)
2714 5101 2764 5180 1,
2800 5097 2939 5161 285.
3005 5095 3325 5177 seichwyr.
3356 5143 3373 5157 .
3404 5145 3420 5158 .
