3717 5642
577 364 701 428 666
755 366 893 429 (631.
918 370 1035 419 632-
1063 368 1180 419 621·
1207 370 1329 431 622)
1398 364 1513 431 IV.
1558 368 1617 431 2.
1680 382 2254 433 PRAEPOSITIONES
2295 382 2774 432 effluit-tuom.

746 548 1085 617 Cornica
1128 554 1446 639 exempla:
1493 556 1605 618 dre
1646 576 1730 618 απ
1768 555 1949 641 ¹(solon
1989 574 2132 637 may
2177 568 2307 636 3ese
2349 562 2452 635 (ut
2491 574 2608 636 per
2651 573 2762 617 cor
2803 552 3198 637 penetraret)
3241 550 3314 615 P.
3344 554 3480 633 218,

576 652 635 713 4.
704 651 815 713 dre
851 652 1019 737 9²⁶ss
1061 676 1100 715 a
1142 656 1365 740 veuqlae
1407 657 1515 719 dre
1552 656 1721 741 qle3e
1759 656 1942 741 gffytlz
1985 656 2146 739 lewe
2191 652 2434 740 (gladio
2481 652 2590 738 qui
2631 653 2823 733 vivet,
2869 653 3085 737 gladio
3134 652 3480 735 occidetur)

578 754 676 833 72,
710 754 767 817 2.
826 756 935 819 dre
970 777 1015 839 y
1054 754 1272 839 ekyans
1316 754 1475 821 bras.
1534 759 1644 821 dre
1681 780 1725 842 y
1764 758 2004 839 3adder
2047 756 2192 843 (per
2233 753 2566 819 scientiam
2609 773 2792 818 suam
2833 776 3160 839 magnam,
3217 774 3334 839 per
3375 754 3482 818 bo-

576 854 837 919 nitatem
879 856 1091 941 suam)
1136 858 1193 938 3,
1226 858 1285 921 2.
1318 858 1375 922 3.
1444 859 1561 942 dry
1604 881 1719 921 vm·
1747 860 1982 943 cheryte
2026 856 2170 944 (per
2199 878 2490 942 magnam
2523 854 2876 940 caritatem)
2909 854 3010 936 35,
3047 859 3102 919 1.
3193 853 3484 921 Ceterum

582 954 659 1018 cf.
704 954 869 1019 infra
910 958 1020 1020 cler
1064 965 1127 1021 et
1153 959 1284 1022 ciris
1325 959 1493 1024 idem
1534 960 1983 1045 significantia.

747 1054 909 1123 Cum
950 1060 1432 1145 pronominibus
1476 1062 1722 1127 suffixis
1768 1062 1962 1148 (quae
2005 1060 2430 1127 intromittunt
2469 1060 2539 1145 3)
2583 1058 2888 1125 formulae
2918 1058 3253 1145 quaedam:
3301 1056 3490 1144 bryny

576 1156 699 1219 Ιιαιι
746 1182 815 1220 er
856 1182 995 1246 moy
1038 1162 1286 1243 dretlzos
1330 1188 1372 1228 a
1414 1165 1554 1249 vytk
1597 1166 1843 1251 hynwye
1898 1162 2217 1248 (cornices
2275 1170 2338 1227 et
2382 1162 2594 1247 aquila
2637 1161 2906 1247 amplius
2961 1182 3076 1247 per
3129 1182 3235 1225 me
3289 1160 3488 1225 nomi-

577 1261 839 1345 nantur)
885 1261 963 1328 O.
1002 1264 1139 1329 134.
1198 1266 1436 1329 clo-echos
1474 1289 1517 1351 y
1542 1265 1777 1352 syth-yn
1818 1266 2036 1350 sylwys
2092 1272 2239 1351 (per
2277 1273 2344 1329 te
2387 1264 2802 1349 salvabimur)
2845 1262 2931 1327 D.
2962 1263 3107 1328 287.
3175 1262 3364 1345 dre30
3405 1262 3492 1326 cist

573 1380 720 1445 may
746 1363 824 1445 fe
868 1362 1068 1450 breeys
1120 1364 1267 1452 (per
1308 1390 1479 1448 eum,
1526 1363 1853 1453 Caipham,
1905 1365 2201 1434 Christus
2245 1376 2316 1430 ut
2353 1364 2772 1449 iudicaretur)
2813 1364 2889 1429 P.
2937 1365 3036 1445 88,
3067 1364 3130 1429 3.
3205 1387 3288 1427 an
3333 1364 3492 1428 avell

576 1461 825 1547 deve3ys
867 1466 1055 1549 dre39
1110 1467 1399 1552 (pomum
1454 1470 1622 1554 quod
1667 1470 1844 1534 venit
1887 1492 2002 1555 per
2041 1490 2196 1549 eam,
2241 1467 2556 1551 arborem)
2605 1468 2750 1549 152,
2785 1470 2844 1531 4.
2903 1486 3048 1550 may
3089 1463 3256 1551 layuy
3293 1488 3382 1551 yn
3426 1477 3488 1531 ta

574 1560 803 1627 ker-thes
831 1576 894 1650 ty
921 1568 1068 1631 hatk
1102 1568 1282 1653 pobel
1308 1571 1368 1633 ol
1396 1570 1620 1656 ‹it-ythy
1665 1570 1764 1655 (ut
1806 1572 2021 1658 possis
2063 1572 2228 1636 bene
2269 1568 2364 1633 ire
2404 1578 2474 1632 tu
2518 1580 2582 1634 et
2625 1568 2830 1633 omnis
2869 1578 3018 1632 tuus
3061 1566 3336 1652 populus
3385 1588 3496 1652 per

578 1685 735 1746 eam,
780 1669 1039 1753 aquam)
1088 1668 1167 1735 O.
1204 1672 1383 1737 1668.
1440 1674 1747 1758 dre30u9h
1787 1674 1925 1757 why
1969 1672 2178 1755 be3en⁸
2221 1673 2379 1755 lewe
2423 1671 2568 1756 (per
2609 1694 2727 1736 vos
2771 1666 3107 1753 occiditor)
3151 1668 3225 1734 P.
3262 1668 3404 1749 142,
3435 1668 3494 1734 3.

571 1786 728 1848 qam
769 1766 975 1833 kenter
1010 1770 1257 1856 qnyslczk
1298 1774 1478 1858 dre3e
1521 1774 1733 1858 (clavo
1778 1785 1922 1839 acto
1964 1796 2080 1861 per
2125 1796 2254 1855 eos,
2301 1772 2531 1860 pedes)
2583 1774 2720 1850 179,
2750 1774 2811 1836 4.

748 1868 1241 1939 Aremorica:
1320 1876 1430 1939 dre
1480 1868 1707 1963 (‘per')
1753 1875 1937 1942 Gath.
2006 1877 2116 1939 dre
2169 1887 2334 1939 caret
2376 1877 2518 1955 doe,
2573 1876 2684 1938 dre
2721 1884 2888 1937 caret
2929 1873 3082 1935 done
3135 1868 3282 1955 (per
3325 1890 3498 1933 amo-

574 1988 705 2031 rem
752 1968 885 2053 dei)
942 1972 1104 2038 Buh.
1160 1976 1259 2057 68,
1298 1978 1392 2042 17.
1450 1980 1550 2059 70,
1590 1982 1684 2043 17.
1764 2002 1848 2041 an
1903 1998 2100 2041 ancon
2149 1998 2215 2040 80
2267 1978 2410 2042 decet
2463 1978 2573 2041 dre
2613 1976 2762 2062 splet
2813 1998 2898 2038 an
2929 1972 3240 2058 pechedou
3295 1971 3499 2055 (mors

576 2088 739 2152 quae
782 2073 960 2136 venit
1016 2098 1131 2159 per
1172 2077 1639 2145 multitudinem
1680 2076 2118 2167 peccatorum)
2167 2080 2261 2160 10,
2305 2081 2364 2143 2.
2438 2080 2548 2142 dre
2589 2100 2695 2141 ma
2739 2077 2792 2139 le
2833 2074 3214 2162 (perfidem
3257 2072 3498 2156 meam)

576 2166 711 2236 MJ.
745 2172 865 2237 223
882 2174 939 2239 b.
1010 2176 1179 2239 drese
1223 2177 1369 2264 (per
1410 2181 1549 2262 hoc,
1595 2181 1819 2266 igitur)
1865 2182 1946 2246 66
1963 2181 2023 2246 b.
2072 2182 2150 2245 94
2165 2182 2224 2246 b.
2315 2178 2482 2247 Cum
2525 2187 2831 2266 sequente
2877 2174 3144 2242 articulo
3202 2172 3306 2238 vel
3349 2194 3497 2259 pro-

575 2272 830 2339 nomine
875 2276 1060 2341 modo
1108 2280 1457 2346 conectitur
1500 2283 1687 2348 modo
1735 2292 2065 2369 separatur
2096 2282 2473 2367 scriptione:
2517 2290 2764 2364 quer-zet
2803 2278 2958 2341 clv-en
2987 2276 3096 2340 bro
3135 2273 3502 2359 (proficisci

576 2395 692 2457 per
733 2377 992 2462 terram)
1036 2378 1199 2444 Buh.
1248 2384 1306 2463 2,
1337 2383 1397 2447 6.
1465 2406 1558 2449 me
1600 2386 1757 2449 aielo
1804 2396 1970 2469 preat
2011 2386 2162 2447 ἄνευ,
2189 2384 2392 2466 forest
2453 2404 2597 2444 man
2653 2379 2791 2463 (ibo
2837 2380 2962 2446 cito
3014 2401 3130 2466 per
3171 2378 3340 2443 hanc
3385 2378 3500 2442 sil-

575 2476 751 2557 vam)
798 2478 898 2559 34,
938 2482 1031 2545 15.
1103 2483 1285 2545 dram
1316 2483 1421 2567 fes:
1466 2488 1609 2570 (per
1652 2486 1843 2552 fidem
1887 2485 2156 2569 meaml)
2207 2486 2345 2566 158,
2383 2486 2451 2564 9;
2515 2482 2632 2547 sed
2676 2482 2892 2548 etiam:
2956 2502 3050 2545 me
3091 2482 3200 2545 aia
3245 2478 3504 2545 hrenum

575 2578 685 2639 dre
726 2602 810 2641 cm
856 2579 962 2644 bro
1006 2581 1115 2666 (eo
1144 2606 1315 2649 nunc
1356 2608 1472 2671 per
1496 2587 1853 2672 regionem)
1886 2590 1944 2669 6,
1984 2588 2077 2650 12.
2136 2586 2393 2671 deomny
2435 2589 2650 2650 tizmat
2691 2586 2801 2647 dre
2829 2608 2913 2649 an
2945 2582 3204 2647 ooatdou
3246 2580 3504 2664 (eamus

574 2700 693 2743 nos
738 2680 910 2747 illico
957 2706 1073 2768 per
1118 2686 1347 2771 silvas)
1408 2688 1508 2769 32,
1545 2691 1641 2755 19.
1713 2690 1823 2753 dre
1865 2712 1970 2752 ma
2013 2688 2172 2770 hun,
2233 2688 2344 2751 dm
2383 2708 2488 2751 ma
2529 2684 2754 2767 hanso-e
2813 2684 2957 2771 (per
3001 2703 3326 2764 somnum,
3385 2705 3506 2769 per

580 2782 895 2847 somnium
938 2808 1166 2869 meum,
1212 2789 1432 2875 video)
1475 2791 1535 2870 4,
1571 2794 1667 2857 18.
1714 2792 1815 2874 30,
1854 2792 1950 2857 10.

744 2884 919 2951 Ante
962 2892 1340 2973 pronomina
1383 2892 1613 2957 suffixa
1653 2892 2088 2959 intromittitur
2129 2914 2194 2956 z:
2239 2912 2336 2954 ‘me
2375 2910 2440 2953 so
2469 2899 2653 2952 certes
2697 2908 2771 2950 em
2800 2906 3002 2949 esmoa
3041 2884 3297 2961 dreizaf
3329 2887 3506 2971 (sum

580 2992 755 3048 certo
796 2986 865 3050 in
894 2993 1371 3073 perturbatione
1416 2995 1551 3060 eius
1582 2995 1806 3079 causa)
1850 2994 1985 3060 MJ.
2015 2996 2133 3058 116
2153 3016 2211 3060 a.
2269 2994 2467 3056 dreia-i
2507 2992 2617 3054 doe
2657 2988 2740 3051 Ῐια
2783 2988 2934 3071 dewy
2977 3010 3018 3051 α
3057 2988 3318 3073 supliaff
3355 2989 3508 3074 (per

580 3108 752 3168 eum,
798 3088 1067 3174 fontem,
1130 3103 1201 3158 ut
1244 3118 1456 3177 saner,
1515 3096 1698 3162 deum
1745 3105 1811 3161 et
1850 3095 2282 3180 Davidagium
2323 3114 2463 3173 or03
2523 3090 2622 3157 ed.
2667 3090 2904 3173 dreiztf
2935 3090 3204 3170 vitiose,
3263 3090 3511 3157 violata

450 3204 466 3222 ·
579 3194 999 3258 consonantia
1055 3216 1197 3260 cum
1244 3196 1498 3281 quelhy)
1554 3196 1718 3262 Buh.
1768 3198 1906 3277 106,
1953 3198 2053 3261 27.
2131 3218 2226 3259 me
2267 3216 2332 3271 βο
2369 3243 2382 3258 .
2410 3242 2424 3257 .
2453 3242 2466 3257 .
2509 3192 2788 3256 dreizock
2839 3191 3108 3257 mem-bet
3159 3192 3512 3257 mov-chedet

578 3289 749 3372 (sum
792 3304 1052 3380 propter
1094 3318 1211 3361 vos
1254 3298 1443 3363 valde
1488 3297 1928 3381 contristatus)
1970 3296 2105 3363 MJ.
2149 3299 2305 3363 501).
2369 3318 2450 3381 pe
2490 3315 2558 3359 re
2600 3294 2800 3357 clreize
2834 3342 2850 3359 .
2879 3344 2892 3357 .
2925 3342 2941 3358 .
2973 3294 3102 3357 dan
3145 3314 3324 3357 maru
3363 3294 3508 3379 ylas

578 3412 651 3452 en
694 3392 933 3458 leuzras
970 3396 1175 3479 kastq'f
1211 3398 1350 3485 (qui
1380 3411 1717 3487 propterea
1760 3402 1842 3466 ad
1871 3412 2131 3466 mortem
2175 3408 2454 3464 atrocem
2498 3418 2644 3461 eum
2669 3395 3010 3480 miserunt)
3041 3396 3205 3459 207·.
3283 3392 3506 3461 Hodie

578 3491 843 3557 ‹Irezotm
886 3495 1033 3581 (per
1074 3499 1222 3581 me),
1270 3502 1537 3565 drezoud
1578 3504 1724 3589 (per
1767 3502 1863 3587 te)
1907 3512 2047 3584 etc,
2091 3500 2400 3567 trecorice
2439 3508 2654 3564 tamen
2697 3496 2990 3561 dreizoun
3033 3506 3154 3562 etc.

748 3593 1145 3664 Cornicae
1201 3600 1455 3667 dialecti
1507 3606 1766 3690 propria
1810 3615 1912 3671 est
1952 3625 2170 3690 praep.
2217 3602 2331 3685 (an
2375 3600 2658 3667 eiusdem
2699 3596 2974 3683 forma?)
3028 3596 3144 3663 RE
3201 3598 3382 3685 (per)
3429 3600 3503 3663 in

576 3696 863 3762 formulis
908 3699 1187 3765 iurandi:
1246 3722 1315 3765 re
1356 3704 1467 3767 dev
1510 3730 1593 3769 an
1637 3718 1767 3787 tas,
1819 3729 1889 3771 re
1931 3708 2040 3769 dev
2083 3717 2180 3768 tas
2221 3703 2366 3791 (per
2410 3703 2594 3768 deum
2636 3698 2913 3787 patrem)
2960 3698 3038 3765 Ο.
3085 3700 3269 3769 1919.
3311 3701 3504 3767 2274.

576 3818 645 3859 re
684 3799 866 3884 iooyn
908 3799 1057 3886 (per
1096 3800 1347 3888 Iovem)
1392 3804 1471 3871 Ο.
1509 3809 1689 3873 1532.
1746 3829 1817 3872 re
1856 3818 1996 3892 synt
2035 3807 2242 3891 iouyn,
2283 3824 2353 3868 re
2391 3814 2532 3888 synt
2569 3806 2754 3886 iovyn
2795 3801 2944 3887 (per
2986 3811 3273 3867 sanctum
3303 3801 3392 3887 I.)
3425 3802 3508 3869 R.

580 3900 723 3963 349.
774 3897 850 3967 D.
884 3900 1027 3966 368.
1118 3902 1279 3969 Cum
1307 3928 1487 3991 pron.
1520 3911 1926 3995 possessivo:
1969 3928 2113 3972 rum
2143 3908 2322 3987 lewte,
2367 3926 2510 3969 rum
2539 3904 2724 3983 lowte,
2767 3922 2904 3966 rom
2931 3902 3112 3984 laute,
3155 3924 3294 3967 rom
3325 3902 3510 3969 lowta

580 4002 727 4086 (per
770 4002 962 4067 fidem
1006 4004 1239 4088 meam)
1284 4004 1357 4071 P.
1400 4011 1537 4089 116,
1570 4012 1629 4073 3.
1680 4013 1817 4092 157,
1853 4012 1909 4075 3.
1958 4008 2036 4075 Ο.
2069 4010 2213 4073 611.
2257 4006 2340 4071 D.
2373 4008 2476 4072 94.
2521 4003 2628 4072 Cr.
2663 4003 2845 4068 1201.

749 4106 806 4167 2.
887 4102 1576 4192 Praepositiones
1621 4112 2216 4197 monosyllabae
2259 4108 2726 4174 desinentes
2767 4106 2851 4169 in
2891 4126 3319 4187 consonas,
3378 4106 3508 4170 in-

579 4204 907 4270 choatae
950 4228 989 4270 a
1030 4208 1472 4276 vocalibus:
1518 4233 1553 4274 ο
1584 4211 1733 4295 (00),
1779 4234 1857 4277 ar
1886 4212 2032 4297 (er),
2074 4232 2172 4298 φ’,
2216 4215 2303 4292 in,
2345 4212 2404 4273 is
2445 4216 2511 4275 et
2539 4207 2673 4289 uolt,
2723 4229 2798 4271 ao
2825 4205 2948 4291 (a),
2993 4206 3125 4287 ach,
3157 4218 3244 4289 at,
3291 4228 3418 4276 am.

747 4306 805 4373 Ο
852 4306 1012 4391 (hib.
1060 4310 1119 4389 ά,
1164 4310 1305 4394 aff)
1354 4310 1474 4375 etsi
1516 4334 1681 4376 cam
1699 4314 1919 4379 brice
1963 4324 2091 4379 tam
2137 4320 2286 4377 ante
2327 4332 2678 4391 consonas,
2723 4332 2888 4397 quae
2931 4310 2998 4374 in
3039 4308 3510 4376 recentioribus

579 4408 759 4474 libris
805 4408 1248 4491 destituuntur,
1296 4433 1481 4497 quam
1526 4422 1673 4477 ante
1715 4416 1976 4481 vocales
2018 4414 2356 4493 invenitur,
2403 4432 2548 4477 cum
2589 4411 2853 4477 articulo
2887 4408 3025 4489 ΟΒ,
3067 4430 3194 4475 nec
3235 4410 3366 4477 nisi
3409 4411 3510 4477 in-

578 4508 823 4573 terdum
868 4520 1015 4576 ante
1056 4512 1436 4595 pronomina
1479 4537 1518 4580 a
1557 4514 1890 4581 vocalibus
1933 4516 2231 4581 inchoata
2274 4524 2491 4580 servat
2530 4512 2792 4578 formam
2824 4510 2972 4595 OC,
3019 4511 3186 4578 hanc
3227 4520 3448 4577 tamen
3477 4535 3512 4577 c

578 4598 918 4676 radicalem
960 4623 1182 4698 putare
1223 4613 1513 4679 iubemur
1552 4616 1754 4681 forma
1797 4626 1984 4681 aucta
2026 4618 2177 4680 oleon
2233 4615 2305 4698 (Ιι
2347 4644 2411 4669 =
2454 4638 2499 4677 x
2539 4614 2710 4699 gall,
2755 4635 2820 4699 p.
2869 4611 3040 4698 125).
3127 4612 3512 4699 Respondet

576 4724 704 4775 tam
760 4711 977 4778 latinis
1034 4737 1296 4801 praepp.
1344 4738 1417 4779 ea:
1435 4768 1452 4800 ,
1496 4716 1607 4799 ab,
1652 4720 1755 4799 de,
1814 4740 2000 4804 quam
2045 4717 2153 4783 lat.
2197 4715 2494 4803 genetivo
2549 4715 2654 4781 vel
2698 4715 2978 4781 ablativo
3037 4714 3178 4779 sine
3230 4736 3510 4801 praepo-

580 4811 831 4879 sitione.
922 4813 1083 4882 Cum
1128 4816 1423 4883 dialectis
1467 4828 1531 4884 et
1572 4819 1832 4884 cornica
1885 4830 1952 4883 et
1990 4817 2341 4883 aremorica
2394 4818 2714 4883 consentit
2765 4816 2843 4881 L.
2885 4814 3090 4880 Land.
3111 4866 3128 4897 ,
3190 4826 3512 4901 qnatenus

579 4914 955 4981 coniunctae
998 4918 1457 5004 praepositioni
1502 4921 1572 4982 di
1612 4920 1751 5005 (pp.
1782 4921 1926 4984 662.
1959 4919 2114 4999 672)
2157 4918 2504 5003 praemittit
2545 4943 2585 4983 a
2629 4916 2834 5003 (Mab.
2865 4916 3060 5001 o-di).

745 5015 1063 5105 Exempla
1106 5020 1480 5086 vetustiora:
1526 5042 1560 5084 o
1606 5042 1787 5084 ceenn
1833 5020 1948 5106 (gl.
1992 5018 2248 5100 murice,
2291 5020 2495 5086 tincta
2535 5020 2732 5101 lana),
2778 5040 2814 5083 o
2855 5038 3106 5082 corsenn
3153 5018 3273 5104 (gl.
3321 5042 3515 5084 arun-

580 5115 745 5199 dine,
789 5119 1227 5206 praecinctus)
1270 5120 1353 5208 gl.
1388 5120 1509 5187 Ox.
1540 5122 1665 5191 402
1726 5144 1761 5189 ο
1802 5122 1998 5189 οσίἰοα
2041 5119 2156 5209 (gl.
2205 5121 2538 5208 auspiciis,
2577 5120 2780 5210 patris
2821 5142 3000 5187 arma
3023 5118 3355 5206 movebis)
3387 5122 3513 5189 39⁵.
