3717 5642
567 399 692 466 580
751 401 890 466 (547·
915 403 1036 466 554)
1478 401 1602 468 III.
1647 404 1705 468 2.
1773 421 1993 468 VERBA
2035 421 2212 468 narr,
2257 421 2606 473 ANOMALA.

752 609 804 652 c.
851 585 1061 673 Sing.:
1109 608 1143 650 ο
1179 586 1424 672 qallaf.
1452 637 1466 652 .
1496 638 1510 653 .
1541 591 1634 652 mi
1672 611 1745 654 ae
1780 591 2009 676 ywnaf
2040 589 2129 674 (si
2172 597 2412 676 potere,
2460 609 2578 672 ego
2624 587 2690 653 id
2732 587 2992 674 faciam)
3034 588 3206 656 Mab.
3252 591 3307 670 1,
3338 590 3487 655 243.

567 688 659 751 mi
697 687 918 770 aumas
953 689 1208 774 (faciam
1251 688 1402 776 ego)
1451 694 1505 772 1,
1537 693 1597 756 2.
1643 692 1702 772 3,
1742 694 1836 758 18.
1898 691 2024 755 heth
2070 713 2281 773 awney
2320 690 2392 752 di
2426 711 2574 773 yma
2616 689 2801 777 (quid
2844 689 3004 757 facis
3048 692 3198 758 istic
3212 691 3306 776 ?)‚
3352 691 3484 754 beth

567 813 775 876 awney
806 791 876 854 di
915 791 1102 876 (quid
1128 791 1288 858 facis
1315 801 1384 856 tu
1397 791 1458 878 Ρ)
1508 796 1562 875 1,
1594 795 1695 858 31.
1727 794 1870 858 243.
1928 793 2091 880 aphy
2132 817 2221 856 un
2250 813 2461 876 aumey
2491 791 2697 856 ditm
2739 793 2835 877 (et
2876 802 3086 858 utrum
3114 792 3313 859 facies
3338 791 3487 876 tu?)

573 895 624 974 1,
653 895 752 957 34.
819 894 923 956 alle.
965 894 1202 980 qyrchu
1246 917 1423 959 awna
1471 895 1568 979 (et
1608 895 1931 960 incurrere
1972 896 2041 959 in
2084 905 2147 960 te
2190 893 2413 974 faciet,
2460 891 2741 959 incurret
2779 894 2846 959 in
2888 895 2985 981 te)
3032 899 3086 977 1,
3120 894 3178 960 8.
3276 893 3485 960 Plus-‚2

564 995 730 1058 dowc
771 1018 1051 1059 awnawn
1094 994 1354 1079 (malum
1381 997 1720 1080 faciemus)
1767 999 1824 1077 2,
1859 997 2001 1061 242.
2066 1018 2149 1082 py
2190 1005 2469 1061 wattwar
2512 995 2811 1059 awnewch
2856 996 3077 1084 (quam
3120 997 3485 1062 irrisionem

565 1097 776 1162 facitis
790 1097 850 1181 Ρ)
881 1099 940 1178 3,
974 1098 1115 1162 270.
1185 1099 1490 1183 disqynnu
1522 1121 1600 1162 ar
1623 1120 1667 1183 y
1685 1121 1892 1183 prena
1922 1109 2175 1161 aumant
2214 1097 2641 1181 (descendent
2666 1096 2733 1161 in
2762 1099 3065 1180 arborem,
3114 1097 3301 1184 aves)
3335 1103 3391 1180 1,
3424 1099 3485 1164 8.

733 1199 1104 1265 Coi-nica:
1162 1222 1216 1264 a.
1275 1199 1386 1284 (de
1429 1200 1730 1266 consonis
1773 1200 2159 1265 intromissis
2217 1198 2295 1264 cf.
2351 1222 2413 1284 p.
2456 1196 2611 1281 549)
2666 1198 2860 1285 cinga
2910 1201 3106 1286 ytltaf
3145 1200 3284 1285 (eo,
3340 1200 3485 1284 ibo)

564 1300 643 1367 O.
675 1301 820 1367 339.
852 1301 995 1366 999.
1032 1303 1210 1367 1473.
1256 1300 1335 1367 R.
1366 1303 1508 1368 200.
1546 1303 1686 1366 240.
1726 1303 1907 1367 1798.
1943 1303 2125 1367 1905.
2160 1300 2343 1365 2032.
2376 1301 2561 1364 2400.
2618 1301 2727 1384 ple
2764 1301 2959 1387 9τῆαῇ
2990 1301 3145 1389 (quo
3174 1303 3281 1368 ibo
3298 1302 3359 1386 ?)
3404 1301 3485 1367 R.

567 1403 750 1468 1665.
804 1425 888 1488 ny
930 1425 1061 1466 won
1104 1403 1247 1489 vyth
1282 1405 1508 1489 pethaf
1541 1405 1742 1488 lemyn
1785 1403 2037 1489 (nescio
2080 1423 2343 1488 prorsus
2390 1401 2543 1489 quid
2586 1402 2735 1466 fiam
2776 1405 2980 1490 nunc)
3037 1402 3116 1470 Ο.
3164 1405 3308 1470 355.
3376 1425 3488 1488 my

562 1504 805 1589 nymas
847 1503 998 1589 (ego
1041 1526 1172 1570 non
1215 1505 1354 1590 ibo)
1398 1506 1474 1571 R.
1518 1507 1659 1571 811.
1723 1506 1929 1590 ytheth
1972 1503 2159 1588 (ibis)
2217 1502 2297 1569 O.
2344 1505 2527 1569 2295.
2592 1503 2739 1589 pyle
2774 1505 2979 1591 ytheth
3026 1505 3183 1593 (quo
3224 1507 3355 1592 ἰεΡ)
3400 1505 3484 1571 R.

561 1606 704 1670 851.
751 1627 917 1690 praq
951 1606 1200 1690 ythetha
1241 1607 1470 1693 evybyn
1515 1609 1658 1691 (cur
1700 1606 1981 1672 occurris
2026 1617 2096 1671 tu
2127 1606 2187 1671 ei
2200 1606 2260 1690 Ρ)
2302 1605 2377 1670 R.
2410 1607 2553 1694 241.
2610 1607 2875 1672 maneth
2917 1607 3005 1691 (si
3047 1609 3137 1694 is)
3183 1608 3261 1676 O.
3294 1609 3487 1674 2652.

559 1705 637 1772 R.
671 1707 856 1772 2362.
913 1707 1051 1771 then
1093 1730 1380 1772 meo-nam
1423 1709 1484 1773 ol
1523 1734 1608 1773 an
1651 1720 1750 1794 try
1793 1733 1830 1772 α
1878 1708 1989 1792 (ad
2017 1717 2284 1774 mortem
2328 1729 2546 1774 omnes
2588 1715 2721 1772 tres
2762 1707 2973 1794 ibunt)
3016 1708 3097 1775 D.
3134 1711 3319 1776 2490.
3372 1712 3483 1796 yth

560 1832 602 1871 a
644 1809 782 1872 then
823 1807 945 1892 nef
971 1807 1084 1892 (ad
1113 1810 1358 1875 caelum
1389 1811 1538 1894 ibit)
1582 1810 1659 1876 R.
1693 1811 1834 1877 288.
1879 1833 2078 1895 nyma
2122 1810 2282 1894 (non
2312 1808 2393 1893 it)
2440 1809 2515 1876 O.
2564 1809 2743 1875 1878.
2781 1812 2961 1877 1913.
3006 1810 3083 1877 R.
3117 1813 3259 1878 760.
3297 1813 3485 1878 1480.

563 1911 748 1974 2214.
811 1932 914 1994 my
957 1933 1016 1991 α,
1058 1931 1155 1974 me
1197 1933 1235 1974 α
1281 1913 1407 1995 (εο,
1451 1912 1611 1997 ibo),
1659 1924 1722 1998 ty
1764 1939 1802 1976 a
1847 1911 1954 1996 (is,
2000 1911 2175 1996 ibis),
2221 1912 2298 1996 es
2325 1936 2366 1976 a
2408 1911 2507 1995 (it,
2552 1911 2699 1996 ibit)
2742 1911 2829 1998 fq.
2884 1934 2971 1997 ny
3012 1937 3051 1977 a
3094 1913 3313 1998 (imus,
3357 1915 3490 1980 ibi-

563 2012 734 2095 mus)
780 2009 856 2075 R.
889 2011 1034 2078 250.
1067 2013 1250 2080 2403.
1307 2013 1445 2099 why
1487 2038 1528 2077 a
1572 2013 1808 2098 (ibitis)
1849 2013 1935 2078 D.
1967 2013 2150 2078 2340.
2239 2010 2445 2077 Plur.:
2474 2013 2671 2095 faitel
2696 2035 2813 2100 eny
2856 2015 3199 2102 (quomodo
3242 2015 3491 2083 ibimus

558 2133 677 2177 nos
694 2111 774 2196 Ρ),
819 2135 903 2198 ny
943 2135 1078 2177 won
1103 2114 1300 2196 fattel
1338 2137 1411 2178 en
1454 2115 1725 2200 (nescio,
1773 2114 2088 2201 quomodo
2134 2115 2381 2200 eamus)
2423 2114 2505 2181 D.
2540 2117 2725 2180 2991.
2758 2117 2942 2182 2997.
2994 2118 3100 2203 ple
3142 2119 3277 2182 tloen
3320 2119 3489 2205 (quo

557 2213 788 2279 ibimus
803 2213 864 2300 Ρ)
905 2213 984 2280 R.
1017 2215 1202 2280 2391.
1257 2237 1342 2301 ny
1379 2217 1610 2282 wotlaen
1650 2240 1768 2302 ray
1793 2225 2108 2301 ponvotter
2145 2218 2399 2302 pytheen
2436 2239 2524 2302 yn
2548 2218 2719 2302 qveel
2746 2239 2838 2303 py
2864 2241 2951 2305 yn
2982 2241 3079 2284 cos
3120 2221 3490 2304 (nescimus

558 2325 816 2403 propter
871 2317 1436 2403 perturbationem,
1495 2343 1620 2407 quo
1681 2341 1896 2385 eamus
1949 2319 2016 2383 in
2072 2341 2295 2405 campo
2351 2328 2461 2383 aut
2513 2318 2583 2382 in
2626 2318 2819 2402 silva)
2874 2319 2953 2387 Ο.
2998 2322 3142 2386 364.
3216 2323 3489 2409 ytkeuyh

561 2419 800 2504 (ibitis)
843 2418 922 2485 R.
955 2420 1095 2486 378.
1130 2420 1312 2489 1289.
1371 2423 1690 2510 mareevyh
1734 2422 1822 2506 (si
1868 2420 2008 2505 itis)
2050 2419 2130 2487 Ο.
2164 2420 2350 2485 2185.

725 2523 788 2588 b.
835 2519 1048 2608 Sing.:
1089 2522 1241 2607 ytos
1263 2545 1352 2609 yn
1391 2525 1546 2589 weth
1588 2516 1872 2608 (veniam
1904 2522 2060 2607 una)
2102 2521 2179 2588 R.
2213 2523 2355 2586 610.
2414 2521 2517 2607 ple
2560 2525 2660 2605 tos
2690 2547 2776 2588 na
2806 2525 2915 2608 ple
2939 2525 3133 2609 ythaf
3166 2525 3326 2611 (quo
3368 2549 3493 2592 ve-

560 2623 735 2689 niam
779 2632 888 2688 aut
928 2645 1054 2710 quo
1097 2623 1279 2708 ibo?)
1323 2624 1401 2690 R.
1437 2627 1616 2690 1665.
1675 2626 1922 2711 venythe
1960 2647 2045 2710 ny
2088 2624 2231 2708 thos
2262 2625 2613 2710 (nunquam
2652 2624 2937 2709 veniam)
2984 2624 3063 2692 Ο.
3098 2627 3283 2693 2151.
3340 2627 3491 2712 byth

557 2749 640 2811 ny
683 2725 891 2790 thueth.
933 2726 1363 2813 (nequaquam
1409 2727 1662 2811 venies)
1705 2724 1785 2791 R.
1833 2728 1969 2791 115.
2022 2728 2200 2792 1089.
2268 2750 2409 2792 mar
2450 2749 2534 2812 ny
2575 2727 2780 2792 thaath.
2830 2727 2919 2813 (si
2964 2750 3093 2794 non
3136 2725 3357 2812 venis)
3404 2727 3491 2794 R.

563 2829 742 2892 1990.
798 2850 967 2914 pray
1007 2853 1094 2892 na
1137 2830 1296 2894 theth
1339 2828 1482 2913 (cur
1522 2851 1652 2894 non
1697 2827 1911 2912 venis)
1956 2826 2033 2894 O.
2068 2828 2210 2893 258.
2256 2851 2425 2916 pray
2472 2851 2554 2892 na
2583 2829 2777 2893 &haece
2816 2851 2939 2912 nes,
2970 2851 3175 2917 praqe
3200 2854 3287 2895 na
3316 2830 3491 2895 theta

555 2953 662 2993 nee
717 2929 861 3013 (cur
913 2951 1042 2996 non
1086 2931 1341 2998 accedis
1401 2941 1474 2996 tu
1519 2929 1856 3018 propiusP)
1903 2928 1982 2996 Ο.
2032 2929 2169 2994 149.
2230 2927 2338 2995 Cr.
2386 2931 2529 2994 543.
2601 2954 2685 2994 an
2736 2951 2810 2993 vr
2860 2954 3005 3018 may
3048 2933 3181 2997 cuth
3235 2955 3319 2997 an
3368 2937 3503 3016 nef

557 3031 804 3114 (horam
849 3053 976 3117 qua
1013 3033 1238 3098 venies
1285 3057 1365 3099 ex
1409 3033 1620 3118 caelo)
1663 3030 1739 3097 R.
1774 3033 1915 3097 882.
1967 3031 2154 3116 faitel
2193 3031 2367 3095 thath
2410 3043 2543 3117 tquy
2587 3030 2933 3116 (quomodo
2976 3034 3161 3100 venis
3204 3032 3350 3118 tu?)
3398 3031 3489 3100 R.

557 3135 699 3197 260.
767 3156 850 3219 ny
891 3134 1031 3198 thue
1073 3134 1233 3219 (non
1279 3133 1472 3216 venit,
1517 3157 1647 3198 non
1689 3133 1935 3217 veniet)
1992 3131 2070 3198 O.
2117 3133 2298 3196 1102.
2343 3130 2424 3196 D.
2472 3132 2650 3197 1750.
2696 3133 2881 3200 2730.
2922 3135 3108 3201 2754.
3152 3137 3338 3203 2755.
3398 3133 3487 3202 R.

557 3234 700 3300 330.
749 3234 933 3300 2139.
965 3237 1150 3301 2226.
1220 3259 1358 3302 mar
1399 3257 1483 3320 ny
1513 3236 1652 3299 tlme
1696 3235 1852 3320 (nisi
1884 3233 2088 3318 venit)
2116 3233 2193 3300 R.
2229 3233 2372 3299 437.
2432 3256 2477 3320 y
2504 3245 2605 3298 tue
2632 3234 2909 3319 (veniet)
2952 3235 3035 3301 D.
3072 3237 3253 3303 1921.
3290 3237 3487 3303 1937.

560 3336 739 3401 1949.
789 3337 970 3403 1960.
1015 3341 1200 3405 2199.
1257 3337 1334 3403 R.
1372 3337 1552 3404 1223.
1617 3359 1758 3401 mar
1799 3349 1897 3401 tue
1939 3336 2026 3420 (si
2073 3335 2315 3420 veniet)
2374 3334 2453 3401 Ο.
2497 3337 2638 3401 399.
2682 3337 2864 3401 2064.
2925 3335 3009 3402 D.
3052 3339 3238 3404 2501.
3284 3339 3484 3404 3040.

555 3438 740 3502 3070.
805 3459 946 3503 mar
989 3465 1029 3504 a
1073 3453 1174 3504 tue
1214 3440 1304 3524 (si
1346 3437 1593 3522 veniat)
1635 3438 1717 3503 D.
1751 3439 1937 3502 2961.
2005 3461 2146 3502 mar
2188 3450 2242 3502 te
2284 3436 2357 3502 P.
2395 3438 2534 3518 149,
2568 3439 2624 3502 3.
2671 3437 2813 3518 203,
2848 3440 2905 3503 3.
2966 3459 3107 3503 mar
3148 3463 3189 3504 a
3232 3453 3288 3504 te
3336 3441 3487 3522 170,

554 3541 612 3605 3.
680 3541 941 3628 bynquee
978 3563 1058 3626 μυ
1099 3541 1211 3605 neb
1255 3567 1296 3604 α
1339 3541 1504 3622 thue,
1563 3539 1814 3626 beneque
1850 3563 1950 3624 φο
1990 3539 2104 3604 neb
2146 3566 2185 3605 a
2228 3541 2325 3604 the
2376 3539 2787 3624 (benedictus
2834 3547 2933 3605 est
2985 3541 3093 3626 qui
3135 3540 3345 3625 venit)
3392 3539 3485 3606 D.

553 3645 696 3708 274.
742 3642 814 3708 Ρ.
847 3644 949 3726 30,
981 3643 1040 3708 2.
1096 3666 1185 3708 ow
1229 3644 1530 3708 thormeni
1567 3667 1610 3708 a
1640 3643 1738 3707 the
1761 3664 1920 3725 econ,
1966 3665 2055 3707 ow
2085 3643 2361 3727 the-rmyn
2406 3665 2447 3704 a
2474 3641 2572 3706 the
2596 3663 2683 3726 yn
2710 3663 2851 3706 econ
2890 3640 3240 3726 (cruciatus
3266 3664 3485 3724 meua,

555 3756 802 3832 tempus
846 3769 1053 3812 meum
1095 3747 1312 3813 veniet
1343 3744 1664 3829 celeriter)
1693 3742 1776 3808 D.
1810 3745 1953 3808 541.
2002 3741 2074 3808 Ρ.
2109 3745 2208 3826 37,
2242 3745 2298 3809 2.
2366 3769 2407 3808 a
2434 3759 2505 3829 32
2534 3743 2797 3829 (veniet,
2847 3744 2956 3830 qui
2983 3744 3228 3829 veniet)
3270 3745 3379 3826 66,
3418 3745 3487 3807 3.

559 3851 697 3931 149,
737 3851 794 3914 2.
841 3850 982 3930 169,
1019 3849 1076 3914 2.
1166 3848 1371 3914 Plur.:
1409 3872 1543 3934 pan
1588 3847 1808 3934 theuyh
1847 3867 1991 3910 mar
2019 3846 2197 3929 freth
2242 3847 2523 3933 (quando
2569 3844 2803 3912 venitis
2846 3854 2974 3910 tam
3018 3844 3349 3928 audacter)
3390 3843 3486 3910 D.

557 3955 738 4017 1115.
809 3951 1012 4038 dyekis
1042 3951 1211 4036 fate!
1253 3953 1402 4016 dom
1445 3951 1580 4013 thoe:
1624 3943 1885 4012 hemer-'es
1927 3947 2282 4033 (instructi,
2330 3958 2479 4014 sunt
2518 3947 2837 4030 homines,
2893 3948 3206 4035 quomodo
3249 3969 3489 4034 perve-

552 4055 736 4120 niant
790 4053 872 4119 acl
913 4075 1014 4118 me
1056 4052 1465 4138 capiendum)
1527 4053 1629 4132 61,
1667 4053 1729 4116 4.
1798 4073 1969 4136 prag]
2020 4075 2107 4114 na
2148 4063 2297 4134 30718
2334 4071 2521 4136 qenae
2574 4071 2777 4114 omma
2831 4049 2975 4135 (cur
3023 4073 3153 4116 non
3210 4049 3491 4116 veniunt

549 4168 770 4223 tecum
805 4154 1001 4240 hucP)
1063 4156 1162 4238 78,
1197 4157 1256 4220 2.
1338 4155 1433 4218 tlae
1470 4165 1644 4240 ‘qv-yet
1683 4176 1728 4238 y
1770 4165 1904 4217 tons
1942 4166 2021 4237 33!
2062 4154 2293 4237 syndye
2345 4150 2458 4235 (ad
2502 4149 2823 4219 Christum
2879 4152 3145 4218 veniunt
3202 4149 3282 4216 ad
3330 4173 3485 4216 eum

549 4258 942 4342 violandum)
989 4259 1090 4339 97,
1121 4259 1181 4321 4.
2077 4311 2081 4315 .

720 4383 775 4425 c.
823 4358 1037 4444 Sing.:
1089 4360 1297 4445 qwas,
1339 4357 1543 4444 yur-af
1579 4354 1873 4441 (faciam)
1920 4352 1998 4420 Ο.
2048 4355 2151 4420 25.
2181 4355 2336 4435 402;
2388 4353 2567 4419 1988.
2598 4355 2785 4419 2614.
2830 4351 2906 4419 R.
2942 4353 3123 4418 1624.
3180 4374 3269 4437 ny
3308 4356 3505 4439 wraf

551 4463 710 4546 (non
753 4461 830 4544 f.)
878 4458 956 4526 O.
996 4459 1176 4525 1253.
1213 4461 1393 4525 1488.
1438 4457 1522 4523 D.
1556 4457 1698 4523 500.
1755 4478 1860 4541 my
1902 4479 1986 4542 ny
2026 4458 2208 4541 wras,
2254 4477 2349 4519 me
2388 4477 2472 4540 ny
2514 4455 2699 4539 wraff
2734 4455 2885 4541 (ego
2926 4477 3058 4520 non
3084 4453 3349 4539 faciam)
3392 4455 3487 4521 D.

551 4566 694 4629 901.
728 4564 914 4628 2244.
957 4559 1038 4626 Ρ.
1072 4563 1210 4642 155,
1249 4563 1304 4625 1.
1365 4583 1502 4646 pan
1545 4561 1664 4624 dra
1706 4559 1826 4642 ras
1859 4573 1966 4642 3y⁸
2009 4557 2195 4644 (quid
2236 4557 2403 4623 facio
2444 4556 2562 4622 tibi
2576 4555 2637 4640 Ρ)
2678 4557 2781 4638 46,
2812 4556 2872 4621 2.
2933 4557 3193 4641 pandra
3230 4577 3489 4622 wrama

552 4663 736 4751 (quid
777 4661 1007 4728 faciam
1051 4684 1170 4747 ego
1183 4661 1244 4746 ?)
1292 4660 1370 4727 Ο.
1403 4662 1545 4727 698.
1584 4661 1764 4724 1274.
1821 4681 1965 4724 mar
2005 4661 2243 4742 quo-eth,
2283 4681 2467 4724 mara
2510 4658 2747 4742 qureth,
2790 4679 2933 4722 mar
2962 4657 3193 4744 qwreth
3247 4656 3339 4741 (si
3382 4657 3491 4724 fa-

551 4764 716 4850 cies)
765 4763 842 4830 Ο.
880 4765 1059 4830 1284.
1096 4764 1276 4829 1495.
1326 4760 1433 4829 Cr.
1467 4765 1609 4828 220.
1656 4785 1825 4848 prag]
1868 4761 1912 4843 51)
1956 4761 2185 4824 whreth
2229 4762 2372 4845 (cur
2410 4759 2645 4842 facis?)
2696 4757 2804 4827 Cr.
2836 4759 2981 4826 635.
3050 4759 3119 4824 in
3160 4781 3245 4846 ny
3282 4762 3489 4826 wreth.

549 4869 792 4953 (nonne
834 4867 1033 4933 facies
1049 4866 1107 4952 Ρ)
1162 4865 1238 4931 Ρ.
1292 4866 1430 4946 146,
1474 4865 1532 4928 3.
1603 4886 1743 4929 mar
1786 4861 2115 4946 omma-emh
2156 4861 2306 4946 claff
2354 4860 2443 4945 (si
2485 4860 2647 4927 facis
2700 4869 2765 4926 te
2808 4861 3165 4948 aegrotum)
3224 4863 3368 4946 155,
3412 4865 3484 4928 2.

543 4969 704 5054 pralc
741 4990 784 5052 y
829 4982 1035 5049 wreta,
1081 4992 1217 5032 mar
1263 4993 1302 5032 α
1345 4979 1579 5051 quo-eta,
1617 4989 1785 5050 pray
1827 4987 1913 5027 na
1958 4975 2165 5044 wreta,
2209 4983 2353 5026 mar
2394 4985 2477 5048 ny
2514 4973 2703 5028 wreta
2748 4962 2908 5048 (cur,
2956 4963 3033 5046 si,
3080 4985 3193 5029 our
3218 4987 3369 5047 non,
3416 4967 3487 5032 si

547 5093 675 5134 non
719 5069 760 5134 f.
805 5069 905 5154 tu)
947 5069 1030 5136 D.
1068 5071 1246 5134 1105.
1283 5067 1466 5133 1385.
1499 5069 1683 5132 2981.
1728 5065 1806 5130 R.
1843 5065 2026 5131 1088.
2112 5065 2193 5128 ha
2234 5065 2434 5128 henna
2474 5087 2603 5129 saw
2644 5087 2797 5151 aqas
2832 5085 2999 5153 qum
3041 5065 3181 5150 (ille
3224 5066 3489 5134 salvum

547 5181 608 5238 te
643 5171 816 5258 [vos]
850 5172 1067 5256 faciet)
1111 5170 1186 5236 R.
1225 5171 1404 5234 1599.
1461 5193 1598 5232 mar
1642 5189 1819 5251 qia-ra,
1870 5189 2007 5232 mar
2037 5188 2211 5250 qwra
2254 5165 2339 5249 (si
2374 5166 2594 5252 faciet)
2628 5167 2706 5236 Ο.
2740 5167 2881 5234 598.
2912 5169 3091 5233 1520.
3138 5165 3248 5235 Cr.
3284 5171 3485 5236 1179.
