3717 5642
587 414 710 481 932
787 414 937 479 (908)
1234 411 1349 479 VI.
1399 416 1456 477 1.
1518 428 1996 481 consrnuo'mo
2039 432 2470 485 Pnouomms
2511 435 2923 486 amrmmcr.

585 599 679 665 illi
722 619 837 685 per
877 607 1133 667 noctem
1176 596 1571 665 altitudinem
1630 599 1836 685 urbis)
1881 600 1952 683 3,
1998 601 2154 684 273,
2198 604 2306 670 vel
2349 626 2488 670 cum
2533 606 3144 692 praepositionibus:
3186 631 3301 673 rac
3341 610 3506 673 datm

580 724 625 789 y
664 701 923 788 qubod
962 702 1035 786 es
1068 701 1360 789 (propter
1401 700 1823 769 urbanitatem
1865 703 2072 788 illius)
2122 709 2186 787 1,
2231 708 2292 771 4.
2379 725 2493 770 rac
2533 708 2677 771 daec
2709 729 2754 791 y
2793 728 2970 793 Μ’·
2999 758 3015 773 .
3047 758 3064 773 .
3096 756 3112 771 .
3145 712 3502 775 achatim-net

579 826 625 889 y
670 816 734 889 ty
777 803 1068 891 (propter
1112 802 1407 869 virtutem
1448 802 1725 869 virorum
1769 814 1835 869 et
1873 804 2230 871 firmitatem
2276 806 2534 891 domus)
2582 811 2636 888 1,
2683 808 2826 873 252.
2897 832 3013 873 rac
3051 812 3320 897 tywyllet
3341 834 3384 897 y
3415 834 3505 874 noe

585 904 877 991 (propter
920 905 1373 973 obscuritatem
1414 904 1656 989 noctis)
1687 904 1745 984 3,
1792 904 1894 973 31.
1967 917 2081 971 nac
2123 908 2236 971 oed
2270 908 2646 992 ymadrawd
2685 910 2830 975 droa
2871 910 3084 994 wyneb
3118 934 3200 995 yt-
3235 934 3390 998 μῆρε
3441 936 3505 997 yr

580 1006 720 1070 ‘isset
755 1008 1073 1093 ydywettit
1114 1005 1217 1090 (ut
1253 1028 1387 1073 non
1430 1017 1607 1073 esset
1646 1004 2030 1092 colloquium
2070 1029 2184 1093 per
2232 1007 2458 1075 faciem
2500 1010 2750 1077 insulae
2768 1059 2785 1092 ‚
2843 1012 3136 1096 quamvis
3181 1014 3504 1079 summisse

582 1106 929 1193 diceretur)
974 1109 1047 1191 3,
1094 1108 1247 1189 2993
1294 1107 1412 1175 sed
1454 1108 1648 1175 etiam
1698 1107 2062 1175 intermixta
2103 1109 2550 1177 substantivis:
2605 1112 2705 1194 ses
2748 1132 2939 1177 aoruc
2969 1116 3194 1199 γενεάν
3241 1116 3439 1200 seuyll
3471 1140 3504 1178 a

578 1208 917 1297 ckgffelybu
968 1210 1113 1275 duct
1150 1232 1193 1295 y
1236 1232 1411 1275 oran.
1468 1209 1813 1295 aywynder‘
1837 1231 1918 1296 φ·
1961 1212 2110 1295 eiry.
2155 1235 2194 1275 a
2237 1212 2476 1277 chochet
2513 1236 2556 1299 y
2605 1224 2806 1299 qwaet
2859 1213 3022 1300 (tum
3079 1226 3248 1283 stare
3301 1218 3506 1303 coepit

578 1310 652 1378 P.
700 1320 764 1378 et
818 1332 1184 1399 comparare
1239 1309 1635 1393 nigredinem
1680 1312 1855 1377 corvi
1912 1320 1978 1377 et
2017 1313 2294 1387 alborem
2337 1314 2511 1379 nivis
2556 1323 2620 1380 et
2660 1315 2954 1381 ruborem
3000 1318 3338 1403 sanguinis
3371 1368 3388 1385 .
3421 1370 3436 1385 .
3461 1318 3502 1401 .)

583 1417 637 1496 1,
684 1414 827 1496 257,
869 1412 976 1479 vel
1015 1412 1541 1481 antecedentibus
1569 1413 2084 1499 pronominibus:
2125 1437 2237 1479 rac
2277 1415 2778 1499 vycltwannocloet
2799 1440 2846 1502 y
2883 1420 3182 1504 vrwydyr
3221 1421 3504 1507 (propter

577 1516 949 1582 aviditatem
990 1536 1217 1597 meam,
1263 1515 1413 1601 quia
1453 1524 1579 1581 tam
1626 1514 1851 1581 avidus
1895 1538 2068 1581 eram
2096 1516 2495 1601 certaminis)
2528 1517 2586 1597 2,
2633 1517 2775 1583 375.
2849 1542 2960 1583 rac
2983 1542 3026 1603 y
3057 1522 3262 1587 decket
3291 1523 3501 1609 (prop-

574 1626 674 1684 ter
712 1617 1249 1705 pulchritudinem
1300 1617 1501 1699 eius),
1557 1639 1670 1681 rac
1708 1640 1751 1701 y
1794 1617 2034 1683 hacce-et
2079 1620 2368 1703 (propter
2412 1618 2874 1687 deformitatem
2927 1621 3130 1706 eius),
3173 1624 3290 1687 ’ναο
3329 1647 3375 1709 y
3411 1647 3499 1709 ys-

572 1731 815 1807 9awnet
856 1719 1149 1806 (propter
1190 1718 1515 1785 levitatem
1558 1718 1730 1803 eius)
1774 1719 1833 1799 2,
1879 1720 2024 1785 207.

744 1824 805 1887 d.
862 1822 1058 1887 Num
1077 1820 1403 1887 eralium
1458 1819 1845 1887 constructio
1893 1831 1958 1887 et
1997 1820 2356 1907 proprietas
2413 1830 2522 1887 aut
2562 1820 2904 1888 formarum
2947 1825 3342 1910 expositioni
3383 1827 3498 1913 ipsi

574 1947 769 2013 supra
810 1923 1162 2011 praemissa
1189 1932 1292 1989 est
1335 1923 1430 2009 (p.
1462 1923 1639 2005 314),
1684 1931 1795 1987 aut
1834 1921 2070 1989 tradita
2110 1922 2180 1989 in
2219 1922 2429 2008 capite
2484 1922 2564 1989 de
2629 1925 3110 2010 compositione,
3157 1929 3344 1995 cuius
3387 1930 3501 1994 for·

573 2049 739 2093 mam
780 2026 1045 2093 induere
1088 2024 1301 2091 solent
1341 2025 1435 2111 (p.
1480 2022 1657 2107 893).

738 2152 787 2195 e.
830 2128 891 2195 E
933 2126 1467 2215 pronominum
1510 2147 1763 2213 quoque
1805 2124 2276 2191 constructione
2322 2126 2580 2213 propria
2623 2126 2935 2213 quaedam
2977 2130 3335 2197 cambi-icae
3385 2132 3502 2197 lin·-

570 2252 735 2317 guae
763 2232 975 2297 aliena
1002 2230 1081 2296 ab
1113 2228 1257 2295 aliis
1288 2250 1485 2313 supra
1512 2225 1845 2312 proposita
1872 2236 2037 2307 sunt,
2083 2235 2152 2291 ut
2191 2227 2414 2293 relatio
2447 2228 2810 2315 significata
2839 2228 2934 2314 (p.
2967 2230 3142 2314 391),
3193 2232 3502 2318 possessi-

569 2354 721 2399 vum
762 2332 1122 2399 absolutum
1164 2329 1589 2414 significatum
1633 2328 1898 2395 vocibus
1943 2329 2042 2391 eid
2083 2339 2148 2393 et
2189 2331 2288 2393 ein
2330 2329 2424 2417 (p.
2471 2332 2594 2397 387
2641 2329 2770 2417 sq.)

736 2434 1141 2522 Pronominis
1185 2429 1666 2499 demonstrativi
1708 2451 1946 2515 genera
1987 2428 2420 2515 distinguntur
2447 2432 2586 2513 tria,
2635 2454 2828 2499 masc.
2871 2433 3033 2513 hwn,
3075 2434 3320 2499 Ιιωηπω
3359 2456 3504 2501 eum

566 2535 961 2617 masculinis,
1005 2536 1152 2602 fem.
1198 2534 1337 2615 lum,
1380 2534 1579 2599 bonno
1622 2554 1765 2597 cum
1805 2529 2128 2597 femininis
2173 2532 2592 2599 substantivis
2623 2542 3074 2614 constructum,
3119 2536 3263 2621 hyn,
3297 2538 3504 2621 hynny

567 2634 799 2720 (forma
838 2636 1137 2723 pluralis)
1194 2636 1335 2702 sine
1378 2634 1779 2701 substantivo
1834 2633 1982 2699 loco
2025 2634 2234 2699 neutri
2279 2636 2609 2703 abstracti:
2661 2638 2818 2722 qwir
2854 2656 2955 2719 yw
2995 2636 3209 2720 kynny
3254 2637 3502 2720 (vetum

566 2746 667 2803 est
706 2737 911 2823 istud)
969 2736 1143 2803 Mab.
1194 2741 1224 2802 1
1247 2788 1265 2819 ‚
1320 2738 1463 2803 260.
1562 2734 1775 2801 Huius
1818 2734 1964 2801 loco
2005 2734 2198 2800 hodie
2251 2736 2575 2819 invenitur
2627 2738 2698 2802 ki
2735 2736 3071 2821 (Spurrell.
3117 2759 3382 2822 gramm.
3439 2761 3502 2823 p.

564 2838 708 2925 62):
750 2861 795 2924 y
836 2858 975 2903 mae
1016 2838 1086 2903 ln·
1116 2861 1205 2925 yn
1250 2838 1432 2903 bwrw
1469 2840 1689 2925 qwlaw
1731 2837 1958 2924 (pluit3
2003 2837 2082 2902 ad
2124 2839 2414 2905 verbum:
2461 2848 2560 2907 est
2599 2838 2669 2903 id
2709 2839 2952 2905 iaciens
2981 2838 3320 2925 pluviam),
3367 2864 3504 2905 mae

566 2940 637 3005 ln·
668 2962 757 3025 yn
801 2941 1029 3027 ἄμωμα
1071 2940 1203 3024 (est
1245 2940 1650 3025 obscurum);
1696 2963 1781 3005 an
1823 2947 2188 3025 corruptum
2231 2962 2310 3006 ex
2353 2939 2516 3025 Ityn?

732 3038 949 3107 Etiam
1001 3049 1361 3129 separatum
1404 3062 1445 3107 a
1486 3040 1886 3108 substantivo
1951 3063 2068 3108 suo
2125 3040 2690 3109 demonstrativum
2753 3049 2965 3107 servat
3021 3042 3504 3129 congruentiam

565 3143 823 3228 generis
836 3194 854 3225 ,
922 3142 1091 3209 sicut
1144 3143 1213 3209 in
1266 3142 1599 3211 hibernica
1652 3142 1892 3227 lingua:
1953 3164 2046 3227 py
2097 3142 2439 3228 yynnwrw'
2477 3164 2580 3227 yw
2619 3143 2802 3207 huma
2844 3141 2990 3227 (qui
3035 3145 3344 3211 tumultus
3397 3159 3506 3213 est

564 3244 671 3311 hic
688 3243 749 3328 P)
798 3248 851 3325 1,
898 3246 1041 3311 290.
1122 3266 1207 3331 py
1248 3266 1380 3329 ryw
1422 3265 1617 3309 ermes
1652 3265 1752 3329 μω
1794 3244 2032 3309 Ιιωηπω
2076 3243 2281 3330 (quod
2321 3266 2524 3329 genus
2569 3242 2945 3309 calamitatis
2991 3252 3094 3309 est
3148 3243 3311 3311 hoc?
3363 3268 3506 3333 ’φιν

564 3366 777 3425 masc„
816 3366 1053 3432 you-mes
1094 3344 1274 3429 fem.)
1309 3348 1363 3426 1,
1410 3346 1554 3410 293.
1624 3347 1811 3409 nium·
1852 3344 2152 3429 hylam-det
2193 3369 2234 3410 a
2271 3345 2507 3410 hwnnw
2550 3342 2770 3430 (copia
2811 3366 3016 3431 aeque
3057 3346 3264 3413 comis
3303 3358 3506 3433 atque

562 3446 753 3531 haec)
814 3450 879 3528 1,
947 3447 1043 3511 16.
1092 3449 1191 3512 17.
1276 3446 1429 3511 kerd
1483 3446 1683 3532 hystal
1724 3470 1767 3511 a
1806 3446 2006 3509 bonno
2059 3445 2316 3531 (cantus
2373 3468 2577 3533 aeque
2632 3445 2837 3511 dulcis
2897 3456 3090 3531 atque
3131 3447 3270 3534 hic)
3319 3452 3381 3529 1,
3435 3454 3500 3515 9.

562 3548 658 3613 bei
696 3549 962 3634 ἀμαθέα
1002 3547 1056 3611 ια’
1092 3549 1228 3632 ymi
1258 3570 1304 3633 y
1339 3548 1481 3633 pecli.
1534 3572 1573 3611 a
1617 3548 1906 3633 ovynnaf
1925 3548 2064 3633 ycti.
2117 3550 2369 3613 minneu
2412 3572 2454 3613 α
2497 3548 2808 3633 dywedwn
2845 3569 2889 3632 y
2931 3548 3120 3613 titheu
3171 3574 3253 3635 φ·
3309 3552 3504 3617 larome

562 3672 844 3735 aovynny
874 3649 1083 3715 ditheu
1127 3649 1217 3734 (si
1247 3649 1423 3717 dicas
1465 3657 1537 3714 tu
1564 3648 1717 3715 mihi
1760 3670 1910 3731 rem,
1933 3642 2128 3735 'quam
2171 3670 2404 3735 quaero
2449 3672 2530 3715 ex
2561 3659 2644 3730 te,
2691 3671 2812 3733 ego
2842 3670 3096 3735 quoque
3125 3652 3332 3718 dicam
3369 3654 3502 3721 tibi

561 3774 698 3819 eam
744 3772 935 3838 quam
980 3750 1233 3837 quaeris
1276 3774 1361 3817 ex
1400 3750 1561 3835 me),
1619 3750 1751 3815 beth
1800 3772 1899 3834 μω
1952 3750 2132 3815 huma
2183 3751 2294 3815 heb
2333 3758 2385 3836 ‘y
2421 3752 2690 3837 peredur
2744 3749 2939 3836 (quae
2993 3774 3098 3817 res
3145 3764 3248 3819 est
3287 3754 3498 3821 baec?

558 3854 769 3940 inquit
808 3853 915 3937 P.;
953 3854 1103 3940 poth
1143 3853 1377 3937 masc.)
1428 3856 1482 3936 1,
1530 3854 1673 3919 237.

1472 4106 1530 4171 3.
1596 4102 1935 4171 Verbum
1988 4112 2542 4171 constructum.

724 4260 1281 4343 Constructionem
1311 4272 1487 4339 verbi
1516 4273 2004 4360 impersonalem
2046 4272 2153 4337 vel
2192 4272 2440 4337 tertiam
2469 4294 2782 4358 personae
2830 4271 3176 4358 singularis
3205 4275 3484 4360 positam

554 4399 669 4464 pro
712 4376 945 4441 ceteris
986 4376 1056 4441 in
1098 4376 1307 4441 activo
1352 4397 1583 4461 genere
1626 4374 1907 4440 nondum
1951 4373 2280 4460 adoptavit
2317 4374 2540 4459 lingua
2579 4373 2914 4439 cambrica.
2989 4372 3070 4438 In
3097 4376 3484 4459 quibusdam

554 4492 765 4544 tamen
807 4477 965 4542 haec
1005 4477 1186 4543 verbi
1230 4476 1442 4543 celtici
1485 4474 1843 4563 proprietas
1890 4476 2078 4541 etiam
2119 4474 2188 4539 in
2231 4475 2440 4541 activo
2487 4474 2802 4541 cambi-ico
2831 4474 3058 4560 negari
3090 4476 3199 4541 vix
3241 4486 3486 4563 potest:

549 4600 755 4670 qouyn
780 4578 947 4643 idaw
975 4600 1049 4644 ae
1076 4580 1150 4662 ef
1176 4580 1413 4665 yyntaf
1447 4578 1619 4641 bioed
1642 4600 1685 4663 y
1716 4576 1831 4662 llys
1871 4577 1962 4659 yd
1999 4578 2112 4640 oed
2135 4578 2309 4661 yndi.
2383 4579 2471 4639 mi
2491 4578 2721 4661 ysqwir
2763 4576 2874 4640 heb
2915 4578 2986 4657 ef
3021 4598 3096 4640 ae
3135 4578 3492 4643 hade-'lanea

554 4702 595 4741 α
636 4680 725 4741 mi
764 4678 969 4744 bieiuu
1007 4702 1051 4765 y
1092 4680 1274 4743 dinae
1314 4702 1393 4742 ar
1434 4678 1641 4742 castell
1680 4700 1720 4740 a
1762 4676 1992 4741 weleiet
2031 4678 2082 4738 ti
2121 4674 2458 4761 (quaerere
2499 4676 2716 4763 coepit
2755 4698 2837 4741 ex
2880 4698 2956 4741 eo
2975 4726 2992 4758 ,
3039 4700 3123 4741 an
3162 4678 3302 4765 ipse
3338 4680 3486 4763 pri-

551 4800 691 4844 mus
726 4781 1125 4865 possedisset
1164 4780 1367 4845 aulam
1412 4780 1480 4845 in
1524 4800 1651 4865 qua
1694 4787 1884 4845 esset.
1954 4776 2098 4862 Ego
2139 4798 2380 4859 revera,
2431 4776 2656 4863 inquit,
2701 4799 2842 4842 eam
2877 4778 3224 4861 construxi,
3265 4786 3324 4843 et
3345 4798 3482 4863 ego

550 4880 812 4968 possedi
854 4882 1161 4968 oppidum
1202 4890 1267 4947 et
1307 4881 1633 4947 castellum
1682 4879 1851 4968 quod
1893 4878 2143 4964 vidisti)
2189 4879 2246 4961 2,
2300 4882 2396 4946 14.
2471 4878 2550 4944 In
2593 4878 2694 4944 his
2741 4882 2827 4943 mi
2864 4902 2938 4943 ae
2979 4880 3332 4959 hadeilonod,
3367 4884 3490 4943 nsi

552 4983 757 5047 bieiuu
819 4984 939 5067 (mi
992 5006 1033 5045 a
1076 4982 1309 5067 bidan)
1376 4982 1597 5049 eodem
1668 4982 1854 5047 modo
1913 4989 2388 5063 construuntur,
2471 5004 2596 5067 quo
2664 4990 2765 5046 est
2815 4980 3144 5047 hibernice
3209 4982 3276 5045 in
3321 4976 3476 5063 Sg:

548 5084 695 5146 ieme
734 5084 1104 5149 addroolaell
1143 5083 1295 5170 (ego
1337 5084 1405 5147 id
1448 5080 1683 5168 rapui).
1768 5080 1897 5147 His
1953 5082 2352 5148 adnumerari
2405 5092 2676 5168 possunt
2717 5102 2825 5162 ea,
2885 5082 2951 5147 in
3009 5083 3239 5168 quibus
3287 5080 3478 5143 verbi

550 5185 893 5270 singularis
948 5208 1249 5251 numerus
1304 5193 1706 5251 constructus
1762 5194 1864 5250 est
1921 5204 2066 5251 cum
2129 5184 2526 5251 substantivo
2583 5182 2840 5269 plurali:
2891 5186 3185 5273 ywet’seon
3221 5179 3498 5265 doestqf
