3717 5642
831 361 954 428 ΠΙ.
999 363 1058 428 2.
1123 381 1326 428 vnum
1362 381 1541 430 nm.
1585 381 1816 429 onrm
1855 381 2095 430 rmum.
2142 383 2328 430 ram.
2568 369 2720 433 (504.
2748 372 2867 434 505)
2930 370 3053 436 525

165 545 458 631 (restituit)
503 547 586 610 83
600 547 660 612 b.
751 547 994 613 Eadem
1037 571 1314 634 persona
1355 549 1421 614 in
1467 551 1939 616 commotione
1979 551 2417 638 impersonali:
2468 575 2560 616 me
2597 554 2812 638 quelas
2856 552 3050 637 (vidi)

165 647 294 710 Buh.
322 647 418 726 88,
447 647 550 711 23.
601 669 699 710 me
741 649 818 712 lw
841 649 1054 732 92celas
1098 650 1261 733 (vidi
1293 649 1442 734 vos)
1471 649 1604 716 MJ.
1645 652 1761 716 175
1781 673 1836 716 a.
1898 662 1953 714 te
1982 677 2023 715 a
2053 653 2395 736 dazprenas
2425 653 2814 738 (redemisti)
2854 657 2972 718 174
2992 677 3049 718 a.

163 749 254 810 huc
285 771 324 832 y
362 770 432 811 en
477 749 648 812 laxas
689 750 786 833 (et
825 751 872 815 ii
915 751 1366 816 interfecerunt
1410 753 1582 836 eum)
1636 753 1754 816 134
1769 753 1832 818 b.
1902 773 2001 816 mo
2039 753 2295 837 yoestlas
2338 755 2688 841 (spopondi
2736 756 2841 839 ea)
2886 755 3047 819 Buh.

167 851 276 920 158,
312 853 399 912 14.
491 851 652 916 Cum
698 852 1162 916 contractione:
1219 875 1314 914 me
1354 854 1430 915 ho
1472 874 1570 914 ros
1613 853 1865 916 Imantec
1916 852 2094 937 (dedi
2140 876 2217 917 ea
2260 855 2560 939 libenter)
2618 857 2757 931 164,
2798 857 2889 920 10.
2958 878 3053 917 me

163 973 240 1013 ros
275 953 400 1014 deci
450 952 626 1037 (dedi
675 954 768 1030 ei,
815 953 994 1036 fem.)
1041 955 1180 1034 168,
1231 957 1326 1016 17.
1439 952 1816 1018 Terminalis
1861 953 1915 1018 T
1970 955 2095 1018 nisi
2152 956 2215 1019 in
2262 958 2603 1023 anomalis:
2676 980 2781 1020 aez
2846 956 3046 1040 (ivit),

162 1057 280 1116 deu:
309 1054 560 1138 (venit),
601 1075 748 1138 ‚orez
792 1054 1025 1137 (fecit),
1072 1055 1150 1118 de
1181 1055 1412 1140 quibus
1457 1054 1585 1118 vid.
1631 1054 1808 1134 infra,
1857 1077 1984 1118 non
2020 1065 2215 1133 extat3
2261 1059 2475 1145 itaque
2520 1081 2709 1122 canas
2753 1057 3046 1141 (cecinit)

163 1153 267 1217 ΜΔ.
299 1157 446 1218 791).
503 1175 820 1238 quemeros
864 1155 1196 1241 (sumpsit)
1248 1153 1366 1218 207
1386 1178 1440 1220 a.

293 1253 458 1322 Plur.
527 1259 577 1319 1.
623 1278 791 1341 pers.
848 1259 1078 1323 cambr.
1123 1255 1451 1330 ASSAM,
1510 1255 1847 1339 YSSAM,
1913 1257 2099 1325 SAM
2155 1257 2400 1341 (-som):
2470 1262 2855 1344 svcydlzocyon
2910 1283 3046 1345 ery-

141 1359 356 1436 s‘assam
389 1378 476 1440 ny
517 1357 752 1440 hue-hof
788 1358 1087 1441 (ministri
1133 1381 1293 1445 quos
1339 1359 1846 1426 enumeravimus
1891 1382 2010 1424 nos
2042 1361 2265 1445 supra)
2310 1361 2463 1445 Leg.
2508 1366 2557 1438 1,
2598 1365 2649 1442 l,
2688 1365 2743 1426 3.
2804 1383 2912 1446 rey
2952 1383 3047 1423 re-

153 1459 514 1521 deuedaesam
557 1480 642 1542 ny
683 1460 916 1535 Ituckof
949 1461 1025 1542 (ii
1061 1479 1230 1546 'quos
1277 1462 1552 1525 diximus
1597 1484 1716 1526 nos
1763 1461 1988 1548 supra)
2006 1511 2023 1540 ,
2078 1461 2198 1524 mel
2238 1463 2666 1526 edeuedaesam
2706 1485 2791 1546 ny
2830 1462 3041 1541 vckod,

152 1560 247 1638 val,
287 1559 412 1622 mal
451 1561 884 1624 edeuedassam
926 1585 1011 1646 ny
1039 1564 1211 1628 rehot
1253 1564 1354 1648 (ut
1383 1562 1656 1628 diximus
1701 1585 1819 1628 nos
1866 1561 2088 1648 supra)
2132 1561 2287 1648 Leg.
2334 1568 2387 1644 l,
2421 1565 2477 1642 5,
2516 1565 2611 1628 12.
2658 1565 2714 1643 2,
2752 1565 2805 1644 1,
2836 1563 2896 1628 7.
2942 1564 3043 1628 36.

148 1661 192 1738 2,
221 1664 310 1739 11,
339 1660 438 1725 38.
494 1683 652 1746 mwy
695 1683 809 1725 noc
837 1663 1296 1747 adywedassam
1335 1667 1410 1729 ni
1433 1665 1612 1728 uchot
1655 1665 1885 1746 (maior
1916 1686 2102 1750 quam
2134 1663 2407 1730 diximus
2452 1687 2573 1729 nos
2602 1664 2825 1751 supra)
2870 1665 3043 1730 Mab.

146 1764 192 1840 2,
219 1763 270 1826 6.
319 1762 513 1847 kanys
553 1763 872 1826 rodassam
913 1767 986 1826 ni
1021 1765 1190 1827 idaw
1216 1767 1290 1848 ef
1321 1765 1496 1849 (nam
1543 1766 1834 1831 dedimus
1880 1787 1998 1830 nos
2030 1764 2119 1848 ei)
2164 1768 2217 1845 1,
2252 1765 2395 1828 265.
2458 1766 3047 1853 ydymdidanyoeam

145 1866 202 1926 ni
233 1863 372 1947 (nos
417 1863 719 1928 collocuti
763 1866 1010 1950 sumus)
1063 1866 1122 1946 3,
1161 1869 1252 1930 14.
1321 1869 1680 1952 adodyssom
1735 1870 1807 1930 ni
1846 1889 2065 1932 arnam
2118 1868 2191 1948 ef
2238 1865 2439 1950 (quod
2490 1865 2907 1951 imposuimus
2964 1870 3042 1948 ei,

144 1965 380 2048 nomen)
423 1967 484 2044 3,
535 1967 634 2031 35.
705 1966 912 2050 aphau
953 1966 1232 2030 doetkam
1285 1969 1358 2030 m·
1392 1989 1542 2052 yma
1593 1971 1666 2030 m*
1719 1989 2061 2054 aqawseam
2120 1967 2391 2050 levemyd
2430 1967 2705 2050 apharcli
2760 1969 2857 2052 (et
2896 1992 3042 2035 cum

145 2067 520 2132 venissemus
562 2067 734 2148 illuc,
784 2067 1066 2152 cepimus
1109 2068 1416 2132 laetitiam
1463 2079 1528 2133 et
1555 2068 1890 2151 honorem)
1924 2073 1977 2152 1,
2010 2069 2111 2133 36.
2168 2081 2293 2132 coet
2316 2069 2631 2153 rywekom
2672 2093 2751 2132 ar
2785 2063 3045 2156 yweilyi.

131 2190 242 2250 ‚moy
282 2168 356 2230 lle
381 2183 474 2254 ny
491 2169 742 2230 welsam
781 2171 1006 2252 ez'ryoet
1045 2191 1322 2252 vnprenn
1365 2169 1626 2252 (silvam
1657 2168 1931 2234 vidimus
1975 2171 2041 2234 in
2074 2190 2332 2248 oceane,
2380 2189 2503 2252 quo
2550 2169 2689 2233 loco
2720 2195 3041 2258 nunquam

143 2269 395 2333 vidimus
439 2291 628 2332 unam
669 2270 988 2354 arborem)
1033 2273 1090 2351 3,
1125 2271 1224 2336 93.

289 2369 478 2436 Corn.
527 2369 735 2436 SYN:
795 2370 894 2434 del
931 2369 1160 2456 wylsyn
1201 2394 1286 2456 ny
1329 2372 1528 2456 (sicut
1573 2373 1844 2439 vidimus
1892 2373 2042 2457 nos)
2088 2373 2163 2436 R.
2206 2375 2349 2439 807.
2417 2397 2501 2436 cm
2544 2375 2693 2458 cors
2720 2399 2759 2436 a
2802 2397 3043 2458 worma

131 2495 206 2554 yn
249 2471 376 2535 beck
420 2474 684 2558 (corpus
725 2471 1062 2556 posuimus
1104 2473 1172 2536 in
1219 2473 1544 2560 sepulcro)
1589 2473 1666 2538 R.
1697 2477 1799 2539 49.

289 2575 500 2638 Arem.
555 2571 818 2653 SOMP,
881 2573 958 2637 cf.
999 2593 1276 2659 qreso‘mp
1319 2573 1645 2661 (fecimus)
1689 2578 1854 2642 inter
1898 2575 2217 2657 anomala3
2272 2577 2425 2641 item
2470 2576 2636 2663 apud
2680 2575 2852 2642 Man.
2920 2579 3043 2640 len-

137 2696 290 2759 somp
329 2675 702 2759 (legimus),
763 2675 953 2740 hodie
993 2676 1238 2741 mollito
1281 2699 1311 2740 s
1351 2688 1424 2742 ut
1465 2699 1659 2763 supra
1697 2678 2027 2763 kancomp,
2084 2677 2371 2764 kanjomp
2417 2678 2857 2764 (cecinimus),
2915 2681 3041 2741 dle-

133 2795 308 2860 :omp,
349 2777 615 2860 dlejomp
657 2773 1072 2860 (debuimus),
1121 2779 1468 2863 leverzomffi
1513 2781 1830 2866 levmjjomp
1874 2779 2233 2864 (diximus).

279 2878 337 2944 2.
380 2899 550 2964 Pers.
603 2877 836 2942 cambr.
864 2875 1311 2961 ASSAUOH,
1357 2877 1800 2962 YSSAUOH,
1845 2879 2182 2949 SAUCH:
2226 2881 2511 2965 ryueduu
2550 2881 2783 2966 hwyret
2814 2903 2858 2965 y
2902 2881 3039 2944 ket·-

129 2979 422 3042 maroch
465 2979 622 3043 cmvi
661 2978 852 3063 (mira
889 2979 1012 3044 fuit
1049 2981 1336 3060 tarditas,
1383 3002 1510 3066 qua
1551 2983 1671 3046 iter
1711 2981 1960 3048 fecistis
1988 2983 2139 3064 vos)
2168 2981 2343 3048 Mab.
2377 2983 2435 3062 3,
2472 2985 2591 3048 194
2605 3031 2619 3045 .
2698 2983 3043 3068 tanqneued

129 3103 162 3139 α
195 3081 560 3164 yma-weh
613 3081 867 3167 (pacem
921 3081 1296 3168 accepistis)
1353 3083 1409 3163 3,
1456 3083 1598 3146 200.
1697 3082 2039 3149 Vetustum
2094 3084 2478 3170 exemplum:
2541 3083 3040 3168 quodet'mzhavcla

129 3181 317 3264 (passi
362 3181 553 3266 estis)
600 3182 684 3266 gl.
723 3179 844 3248 Ox.
881 3183 1002 3248 39⁸.

279 3281 473 3348 Corn.
519 3281 836 3349 SOUGH
878 3283 1141 3370 (·seu9h,
1174 3313 1234 3338 =
1266 3287 1498 3350 cambr.
1531 3282 1810 3369 -sauclz):
1859 3285 1961 3348 del
1990 3287 2281 3373 welsouqh
2324 3287 2425 3370 (ut
2452 3285 2735 3369 vidistis)
2784 3283 2855 3347 P.
2888 3285 2967 3348 25
2978 3287 3034 3365 5,

129 3385 178 3445 2.
229 3406 402 3468 qur
443 3384 841 3468 aleuersouqk
884 3384 1130 3468 (verum
1173 3385 1461 3470 dixistis)
1505 3389 1606 3468 50,
1647 3390 1706 3451 4.
1759 3390 1907 3470 corf
1937 3400 2103 3470 cry-st
2144 3410 2185 3450 a
2220 3389 2515 3473 yysseuqh
2552 3409 2713 3472 yyne
2773 3385 3037 3470 (corpus

131 3483 386 3566 Christi,
428 3483 602 3569 quod
641 3484 991 3569 reliquistis
1033 3487 1307 3571 mecum)
1327 3538 1342 3566 ,
1397 3488 1544 3570 corf
1570 3509 1656 3573 yn
1701 3487 1832 3552 beth
1890 3511 1933 3552 a
1973 3487 2283 3572 wovweufyh
2322 3489 2455 3572 why
2512 3487 2778 3572 (corpus
2823 3487 2889 3550 in
2936 3508 3036 3551 se-

131 3585 329 3666 pulcro
369 3585 685 3672 posuistis
729 3585 879 3669 vos)
925 3585 1000 3650 R.
1036 3588 1135 3652 38.
1167 3590 1268 3652 43.

270 3687 493 3752 Arem.
537 3683 782 3752 SOGH
801 3735 818 3766 ,
883 3687 958 3752 cf.
999 3689 1260 3774 you-rocla
1303 3689 1634 3774 (novistis)
1689 3688 1854 3753 inter
1897 3688 2218 3770 anomala3
2272 3688 2430 3753 item
2470 3687 2639 3774 apud
2681 3688 2855 3754 Man.
2908 3689 3034 3752 len-

131 3787 261 3849 me’k
291 3787 634 3872 (legistis),
679 3788 870 3853 hodie
911 3798 1127 3853 tamen
1173 3791 1520 3856 secundum
1559 3790 1724 3876 Lgn.
1781 3789 2019 3867 kanzot,
2060 3788 2269 3872 kanjot
2309 3789 2719 3874 (cecinistis),
2768 3791 3036 3869 leverzot‚

135 3885 350 3968 leues-joc
391 3888 622 3973 (locuti
668 3890 879 3975 estis).

270 3990 331 4053 3.
379 4011 550 4076 pers.
607 3990 838 4055 cambr-
884 3989 1267 4074 ASSANT,
1314 3991 1698 4074 YSSANT,
1759 3990 1991 4058 SANT
2039 3995 2289 4076 (wonoz
2359 3990 2614 4054 linisant
2656 3989 2771 4076 (gl.
2818 3991 3033 4056 lauare

137 4087 360 4168 salivis,
405 4089 667 4171 faciem3
725 4092 766 4155 i.
801 4113 854 4158 e.
900 4091 1290 4178 polluerunt)
1337 4089 1454 4158 Cb.
1501 4095 1600 4159 98.
1674 4115 1740 4157 er
1781 4094 1897 4156 hen
1939 4092 2325 4178 kqfreythyeu
2380 4115 2421 4155 α
2464 4103 2835 4176 esteryasant
2886 4113 3035 4176 arey

137 4193 382 4254 maduit
419 4193 764 4256 nudassent
801 4193 1018 4277 yredec
1061 4215 1102 4256 α
1145 4215 1256 4277 rey
1296 4218 1338 4256 a
1365 4195 1790 4260 emendamnt
1831 4216 1907 4257 ac
1950 4194 2136 4278 ereyll
2176 4217 2249 4256 en
2278 4192 2463 4276 kuhyl
2502 4216 2547 4256 a
2574 4193 2919 4277 dyleassant
2960 4215 3036 4256 ac

137 4291 290 4374 myll
325 4313 364 4355 o
405 4303 642 4377 neuuyt
697 4315 742 4356 a
782 4293 1178 4357 kosodaseant
1200 4341 1214 4356 .
1241 4341 1256 4356 .
1284 4342 1298 4357 .
1341 4316 1416 4358 ac
1457 4306 1875 4360 auor-naseam
1915 4317 1989 4358 eu
2032 4295 2195 4358 cada
2252 4295 2533 4378 (veteres
2576 4293 2755 4378 leges
2800 4293 3035 4358 exami-

137 4404 348 4474 nau-unt,
393 4393 525 4458 viri
565 4393 890 4480 sapientes
922 4391 1200 4474 Gambri,
1248 4405 1313 4459 et
1351 4396 1660 4480 quasdam
1703 4419 1784 4462 ex
1827 4397 1925 4462 eis
1965 4397 2357 4482 reliquerunt
2396 4395 2692 4475 intactas,
2740 4403 2803 4459 et
2844 4416 3033 4480 quas-

139 4489 254 4556 dam
293 4493 749 4575 emendarunt,
796 4503 862 4559 et
901 4493 1061 4559 alias
1107 4495 1362 4564 omnino
1407 4497 1821 4583 abrogarunt,
1880 4508 1945 4564 et
1986 4498 2145 4562 alias
2191 4497 2271 4562 de
2312 4517 2482 4560 novo
2526 4504 2896 4580 posuerunt,
2924 4543 2939 4557 .
2970 4541 2983 4556 .
3014 4543 3029 4558 .

139 4601 188 4654 et
217 4594 572 4661 iudicarunt
625 4617 744 4661 eas
798 4617 944 4684 esse
989 4597 1366 4680 servandas)
1421 4595 1579 4684 Leg.
1619 4597 1816 4684 praef.
1884 4598 2245 4663 elloskasant
2296 4598 2519 4661 Arnon
2544 4645 2559 4660 .
2585 4645 2599 4660 .
2626 4645 2641 4659 .
2674 4593 3035 4659 etvilcaesant

139 4713 196 4754 es
227 4718 254 4758 e
279 4697 458 4781 lluyd
497 4696 957 4778 (incenderunt
981 4698 1328 4780 Arbonem‚
1358 4749 1371 4762 .
1401 4749 1414 4762 .
1435 4747 1454 4763 .
1483 4711 1923 4765 remanserunt
1965 4700 2031 4763 in
2062 4698 2287 4782 armis)
2314 4697 2473 4783 Leg.
2506 4700 2565 4778 2,
2598 4698 2658 4775 2,
2694 4700 2745 4760 1.
2802 4695 3033 4760 σῘιωεσΙι

139 4798 278 4860 erem
325 4799 644 4884 affloerth
694 4817 776 4882 vy
817 4819 1029 4862 nomeu.
1087 4823 1162 4864 ασ
1203 4823 1278 4863 ae
1313 4800 1702 4886 qolchaesant
1723 4850 1736 4864 .
1765 4851 1780 4865 .
1809 4851 1821 4864 .
1864 4802 2237 4865 adodaseant
2280 4799 2523 4864 llieinm
2575 4818 2654 4862 ar
2690 4820 2734 4884 y
2779 4797 3027 4882 byn-deu.

139 4917 194 4957 ee
225 4923 262 4962 a
301 4899 762 4985 arleqydassant
799 4909 960 4984 vat
985 4951 999 4965 .
1027 4947 1042 4962 .
1071 4947 1084 4961 .
1109 4901 1510 4966 adiodmsant
1549 4923 1625 4987 vy
1669 4903 2055 4967 lludetiowisc
2098 4901 2247 4986 (sex
2288 4900 2450 4966 aliae
2465 4951 2482 4982 ,
2528 4900 2779 4987 puellae
2795 4950 2811 4980 ,
2859 4921 3028 4964 sum-

139 5011 362 5076 pserunt
401 5023 584 5066 arma
623 5023 772 5066 mea
811 5011 878 5066 et
905 5001 1198 5066 laverunt
1241 5023 1334 5083 ea,
1362 5051 1376 5067 .
1405 5052 1420 5066 .
1447 5053 1460 5066 .
1494 5012 1559 5068 et
1599 5013 1961 5070 straverunt
2000 5001 2134 5068 lina
2178 5025 2374 5090 supra
2414 5023 2685 5082 mensas,
2736 5012 2799 5065 et
2839 4999 3027 5064 mini-

135 5111 378 5166 munt
417 5103 664 5184 cibum,
707 5151 722 5166 .
749 5149 768 5166 .
793 5151 808 5166 .
851 5111 918 5168 et
961 5102 1366 5167 detraxerunt
1417 5113 1658 5171 vestem
1716 5127 1917 5172 meam
1959 5103 2495 5190 pulverulentam)
2554 5102 2727 5169 Mab.
2774 5104 2828 5185 1,
2860 5103 2921 5166 4.
2981 5124 3027 5186 y
