3717 5642
1345 405 1723 458 ramma-10
1767 407 2119 459 merome.
2472 387 2927 455 (XLV-XLVID
2976 385 3213 455 XXXI

291 573 494 640 Multa
533 575 684 642 ideo
729 576 1068 664 desumpta
1121 599 1203 642 ex
1243 600 1322 641 eo
1365 579 1620 664 purgari
1665 578 1822 662 (nec
1880 579 2123 660 monui,
2181 577 2307 644 nisi
2354 599 2479 643 vox
2520 577 2781 642 nimium
2826 576 3033 642 fuerat
3074 597 3213 641 cor-

297 684 508 770 rupta)
553 707 826 750 necesse
867 685 1008 750 fuit.
1096 685 1380 770 Dignum
1425 699 1598 752 certe
1641 697 1742 754 est
1783 688 1905 754 hoc
1950 697 2214 774 poema,
2260 687 2429 774 quod
2473 687 2792 771 puriorem
2838 695 2903 750 et
2942 684 3213 772 diligen-

291 795 519 860 tiorem
579 795 922 861 editionem
977 796 1402 862 nanciscatur.
1501 797 1794 884 Linguae
1845 796 2089 865 formae
2146 821 2287 864 cum
2332 797 2539 862 adhuc
2593 797 2975 863 vetustiores
3032 818 3215 881 repe-

293 905 548 987 rianttu·‚
597 927 790 990 quam
835 918 984 971 sunt
1026 907 1272 972 saeculi
1319 905 1487 972 sexti
1535 907 1762 974 decimi
1807 908 2019 994 priore
2061 919 2259 994 parte,
2304 909 2371 972 in
2418 906 2879 994 speciminibus
2922 907 3087 972 datis
3136 905 3215 972 ab

291 1017 362 1079 A.
397 1013 647 1080 Borde*
690 1014 884 1097 (obiit
925 1037 984 1080 a.
1021 1016 1232 1100 1545),
1279 1015 1348 1080 in
1387 1017 1618 1102 quibus
1659 1017 1784 1082 iam
1829 1017 2199 1084 defecerunt
2238 1017 2621 1103 pronomina
2666 1015 2899 1082 suffixa
2942 1025 3005 1080 et
3032 1036 3213 1102 prae·

291 1125 648 1210 positiones
693 1148 732 1190 a
771 1125 1252 1210 pronominibus
1299 1133 1636 1213 separatae
1681 1137 1851 1209 suut,
1900 1137 1971 1192 ut
2013 1129 2087 1192 de
2130 1130 2209 1208 vi,
2252 1129 2329 1192 de·
2368 1149 2444 1210 vy
2489 1125 2723 1211 (mihi),
2770 1129 2845 1192 de
2888 1127 3025 1210 why
3068 1125 3215 1209 (vo-

289 1235 447 1319 bis),
509 1259 675 1321 yena
715 1235 851 1320 why
906 1234 1340 1321 (vobiscum),
1397 1257 1540 1303 cum
1593 1237 1662 1303 in
1717 1237 2001 1304 carmine
2062 1237 2478 1304 communiter
2530 1236 2743 1302 valeat
2798 1235 3080 1317 suffixio,
3146 1245 3219 1300 ut

291 1347 450 1430 dym,
501 1346 688 1430 ὤμω,
733 1345 971 1431 theuyh,
1011 1347 1286 1432 yenouqk
1332 1344 1424 1432 (p.
1459 1347 1582 1412 379
1613 1347 1762 1434 sq.),
1809 1347 2105 1434 equidem
2148 1369 2280 1414 non
2307 1345 2626 1429 adverset,
2673 1347 2730 1412 si
2776 1339 2919 1433 quis
2962 1354 3215 1412 centum

293 1455 396 1520 vel
441 1455 638 1521 etiam
681 1455 990 1520 ducentos
1033 1477 1238 1521 annos
1281 1465 1428 1522 ante
1471 1457 1541 1522 id
1566 1467 1834 1543 tempus,
1880 1457 1951 1522 in
1996 1457 2321 1526 saeculum
2352 1479 2505 1542 ergo
2551 1465 2840 1543 quartum
2883 1455 3216 1537 decimum,

297 1563 600 1631 carminis
645 1565 1172 1650 compositionem
1213 1575 1518 1652 reponat:
1589 1565 1678 1633 Ut
1717 1567 1786 1632 in
1830 1565 2257 1634 Vocabulario
2308 1565 2465 1631 item
2518 1565 2586 1630 in
2626 1566 2751 1634 hoc
2796 1565 3075 1632 carmine
3126 1565 3219 1630 le·

303 1682 540 1758 guntur
591 1674 849 1760 anglica
896 1675 1214 1748 vocabula
1265 1685 1696 1764 msumpta:
1779 1680 1967 1764 redye
2020 1677 2265 1764 (legere
2281 1726 2298 1758 ,
2366 1675 2435 1740 in
2498 1673 2656 1742 Voc.
2708 1677 2942 1757 στάξον,
2997 1675 3217 1758 lector,

279 1783 464 1868 angl.
509 1795 572 1848 to
611 1783 800 1868 read)
851 1785 940 1873 fq.
953 1835 972 1868 ‚
1037 1797 1268 1871 strevye
1333 1786 1656 1871 (altercari
1669 1837 1686 1869 ,
1749 1787 1820 1852 in
1878 1784 2033 1853 Voc.
2074 1786 2319 1868 strifor,
2388 1785 2861 1865 contentiosus,
2929 1784 3103 1871 angl.
3158 1795 3219 1849 to

298 1895 498 1974 striae,
547 1893 872 1982 altercari)
919 1898 1018 1978 73,
1042 1899 1101 1978 4,
1149 1895 1375 1962 bodera
1416 1897 1616 1983 (angl.
1661 1895 1963 1982 bueklere)
2009 1898 2109 1978 74,
2142 1897 2201 1978 2,
2246 1906 2525 1980 traytour
2566 1895 2767 1982 (angl.
2818 1895 3071 1980 traitor)
3115 1895 3219 1978 98,

301 2001 360 2085 3,
398 2009 572 2086 jasa
599 2005 724 2087 fae
761 2005 960 2091 (angl.
990 2010 1148 2089 face,
1189 2005 1421 2092 facies)
1453 2007 1556 2088 95,
1587 2007 1647 2072 3.
1699 2009 1836 2088 196,
1870 2008 1933 2089 3,
1980 2017 2045 2074 et
2086 2006 2155 2071 in
2184 2005 2332 2072 aliis
2380 2004 2541 2070 locis
2584 2005 2785 2071 multa
2826 2005 2975 2088 alia,
3020 2013 3091 2070 ut
3118 2005 3221 2069 de-

295 2131 466 2196 ser-ys
507 2111 600 2196 (co
629 2114 872 2199 desire),
917 2121 1250 2202 comfmye
1289 2115 1382 2199 (to
1410 2115 1752 2200 comforte),
1795 2138 1999 2182 rec-eve
2027 2117 2119 2202 (to
2143 2113 2418 2198 receive),
2462 2135 2723 2178 manner
2750 2114 3069 2201 (manner)
3100 2125 3220 2181 etc.

455 2219 744 2307 Dignum
787 2235 888 2291 est
927 2237 1292 2308 memoratu,
1337 2227 1404 2291 in
1449 2247 1682 2312 magna
1721 2237 1905 2312 parte
1948 2225 2093 2292 libri
2138 2225 2393 2307 vetusti,
2440 2225 2551 2311 qui
2580 2225 2888 2312 auspiciis
2934 2226 3223 2311 anglicae

297 2331 628 2398 societatis
691 2335 1080 2402 edendorum
1119 2343 1668 2404 monumentorum
1721 2335 1959 2422 prodiit
2006 2335 2167 2402 1838
2224 2336 2341 2402 sub
2398 2335 2583 2400 titulo
2644 2325 2660 2352 ‘
2680 2333 2817 2400 The
2862 2333 3113 2400 Record
3156 2333 3228 2400 of

301 2435 753 2526 Caemarvon‘,
798 2445 982 2513 cuius
1023 2447 1202 2534 origo
1246 2454 1346 2512 est
1387 2444 1630 2511 saeculi
1673 2444 1879 2531 quarti
1920 2445 2171 2527 decimi,
2216 2445 2511 2533 quamvis
2554 2455 2881 2511 enumeret
2922 2445 3220 2530 regiones

301 2558 366 2615 et
401 2551 552 2618 loca
593 2553 940 2640 cambrina,
995 2557 1210 2623 valere
1265 2553 1776 2642 orthographiam
1833 2557 2097 2622 eandem
2154 2577 2317 2642 quae
2360 2565 2463 2622 est
2512 2555 2580 2621 in
2622 2557 2901 2622 carmine
2943 2555 3220 2636 cornico,

301 2663 617 2728 coi-nicam
663 2686 817 2750 ergo
862 2689 902 2730 a
942 2666 1191 2733 notario
1233 2666 1514 2747 cornico,
1559 2674 1630 2730 ut
1670 2666 1939 2747 videtur,
1986 2664 2365 2748 adhibitam,
2410 2688 2467 2730 e.
2500 2687 2591 2752 gr.
2632 2689 2673 2732 a
2714 2689 2777 2753 p.
2812 2668 2843 2730 1
2892 2684 3095 2748 usque
3139 2665 3221 2730 ad

307 2792 366 2855 p.
398 2772 499 2853 92,
551 2773 660 2840 ubi
705 2783 930 2841 contra
971 2776 1294 2842 cambrica
1333 2773 1584 2860 incipit,
1629 2785 1700 2840 ut
1741 2775 2031 2862 Bleddyn
2070 2797 2189 2860 pro
2232 2775 2515 2860 Blethyn,
2558 2777 2699 2840 noch
2740 2795 2855 2861 pro
2900 2775 3069 2860 ooqh,
3118 2774 3223 2861 by-

297 2880 452 2945 clean
493 2905 612 2967 pro
644 2883 896 2970 hoyi-an,
929 2886 1172 2972 haylam
1203 2884 1312 2970 (cf.
1343 2907 1452 2972 pp.
1489 2885 1628 2950 139.
1663 2882 1836 2969 151).
1922 2883 2223 2950 Alternat
2262 2895 2527 2970 utraque
2560 2884 2749 2950 etiam
2790 2883 2859 2950 in
2892 2883 3037 2951 aliis
3068 2906 3219 2950 con·

299 2991 488 3056 tentis
529 2992 598 3057 in
641 2993 866 3059 eadem
907 2994 1220 3077 editione,
1277 3017 1336 3061 e.
1365 3015 1460 3081 gr.
1506 2995 1766 3061 comica
1806 2994 1957 3061 inde
2002 3016 2041 3059 a
2082 3017 2145 3081 p.
2192 2995 2345 3077 138,
2406 2993 2727 3061 cambrica
2777 2992 2847 3058 in
2887 3016 2951 3080 p.
2986 2997 3107 3060 257
3152 2995 3221 3059 ἱιι

299 3097 514 3166 charta
553 3099 846 3168 Eduardi
887 3103 1010 3170 III.

465 3207 825 3278 Codices
876 3215 1322 3282 aremorici.
1429 3220 1482 3280 1.
1549 3213 1952 3282 Chartularia
2006 3213 2528 3280 monasteriorum
2585 3212 3005 3279 vetustiorum
3072 3222 3223 3278 sunt

304 3317 732 3388 Rhodonense
784 3323 895 3388 vel
932 3325 1174 3393 rectius
1213 3324 1584 3390 Rotonense
1637 3324 1748 3410 (cf.
1793 3348 1856 3412 p.
1901 3326 2047 3410 90),
2103 3324 2537 3410 praestantius
2589 3323 2821 3389 ceteris
2876 3334 2940 3388 et
2988 3345 3224 3410 magna

298 3429 626 3496 nominum
665 3434 1064 3518 propriorum
1109 3436 1294 3522 copia
1336 3434 1652 3516 refertum,
1701 3445 1766 3500 et
1790 3434 2397 3502 Landevenecense.
2484 3433 2667 3500 Illius
2698 3431 3221 3520 compositionem

299 3559 336 3602 e
377 3537 616 3606 chartis
657 3545 1034 3613 monasterii
1087 3545 1358 3612 vetustis
1411 3543 1732 3632 inceptam
1787 3545 2049 3611 ineunte
2104 3545 2363 3610 saeculo
2417 3543 2753 3610 undecimo
2812 3545 2919 3610 vel
2958 3541 3223 3608 finiente

297 3657 540 3724 decimo
587 3668 654 3724 et
693 3657 938 3724 finitam
979 3656 1154 3722 circa
1187 3679 1244 3721 a.
1283 3655 1444 3720 1162
1489 3655 1762 3721 affirmat
1801 3653 2097 3722 Gourson
2140 3655 2206 3720 in
2252 3676 2445 3742 opere
2490 3653 2569 3719 de
2612 3653 2872 3740 populis
2916 3651 3225 3718 britanni-

297 3766 392 3832 cis
427 3766 775 3854 insci-iptoz
861 3761 1180 3832 ‘Histoire
1233 3766 1348 3833 des
1391 3766 1658 3853 peuples
1699 3765 1975 3832 Bretons
2030 3766 2189 3832 dans
2248 3765 2313 3830 la
2350 3763 2559 3832 Gaule
2620 3773 2687 3830 et
2738 3763 2898 3828 dans
2954 3761 3052 3828 les
3093 3761 3217 3827 fles

295 3874 758 3963 britanniques,
797 3875 986 3941 Paris
1023 3865 1226 3955 1846',
1289 3877 1356 3942 in
1397 3887 1568 3942 tomo
1603 3880 1658 3959 1,
1703 3900 1765 3962 p.
1797 3879 1943 3958 393,
1990 3885 2119 3942 not.
2156 3879 2211 3958 1,
2253 3874 2840 3941 Landevenecense
2870 3881 3077 3938 autem
3122 3872 3221 3937 in-

297 3997 490 4052 eunte
533 3987 794 4054 saeculo
837 3985 1177 4052 undecimo
1221 3986 1528 4071 scriptum
1569 4008 1716 4052 esse
1759 3997 1983 4054 censet
2020 3985 2191 4053 Dom
2232 3984 2481 4051 Morice
2524 3985 2593 4049 in
2636 3982 2853 4070 opere'
2872 3981 3222 4070 inscripto:

287 4085 666 4164 ‘Memoires
709 4121 874 4186 pour
919 4097 1124 4164 servir
1165 4095 1246 4162 de
1287 4117 1568 4182 preuves
1635 4099 1675 4163 ‘a
1713 4097 2027 4163 l'histoire
2070 4095 2559 4182 ecclesiastique
2604 4104 2668 4161 et
2710 4093 2901 4160 civile
2943 4093 3025 4158 de
3065 4089 3224 4158 Bre-

297 4215 516 4292 tagne.
549 4206 706 4273 Par.
744 4199 923 4275 1742'
999 4208 1067 4272 in
1107 4214 1260 4272 tom.
1291 4205 1346 4288 Ι,
1391 4227 1448 4271 c.
1482 4207 1600 4270 177
1643 4206 1754 4288 (cf.
1799 4204 2029 4274 Gours.
2065 4211 2118 4289 1,
2163 4228 2223 4292 p.
2257 4207 2403 4288 422,
2444 4215 2577 4272 not.
2615 4203 2700 4288 1).
2786 4203 2892 4270 Ex
2930 4204 3017 4268 iis
3060 4224 3226 4289 quae

297 4329 446 4382 sunt
487 4318 668 4404 typis
694 4319 1034 4406 impressa,
1077 4315 1486 4382 inveniuntur
1525 4315 1594 4381 in
1637 4315 1740 4384 his
1783 4316 1949 4404 ipsis
1976 4316 2176 4398 libris,
2223 4316 2392 4404 apud
2422 4313 2715 4382 Oourson
2762 4312 3227 4401 appendicibus

297 4428 438 4494 eius
487 4429 706 4513 operis
761 4429 918 4494 tomi
957 4427 1146 4514 primi
1201 4438 1266 4493 et
1307 4426 1578 4492 secundi
1629 4425 1812 4510 (mihi
1856 4425 2059 4493 Rhed.
2096 4430 2127 4491 1
2173 4427 2279 4492 vel
2322 4426 2394 4510 2)
2452 4435 2517 4492 et
2557 4425 2728 4510 apud
2769 4425 2943 4493 Dom
2980 4421 3228 4489 Morice

293 4536 358 4601 in
403 4537 572 4604 actis
617 4537 1032 4618 britannicis,
1087 4537 1254 4604 inter
1309 4558 1471 4622 quae
1515 4537 1704 4602 etiam
1749 4537 1879 4602 alia
1920 4536 2177 4603 aliunde
2218 4535 2449 4602 hausta
2486 4535 2875 4619 recentiora,
2934 4557 2990 4602 e.
3021 4557 3115 4620 gr.
3157 4533 3229 4598 in

297 4645 682 4713 chartulario
725 4646 1304 4733 Kemperlegiensi,
1349 4646 1664 4731 leguntur.

460 4759 524 4823 2.
596 4755 754 4823 Vita
795 4756 864 4824 S.
893 4757 1166 4822 Nonnae
1208 4755 1316 4822 vel
1355 4755 1668 4840 Nonitae,
1719 4765 1946 4843 poema
1986 4757 2395 4823 dramaticum
2440 4764 2763 4821 servatum
2822 4777 2949 4821 uno
3006 4753 3226 4820 codice

429 4965 454 4990 ⁸
501 4962 570 5016 In
613 4961 748 5016 libro
779 4962 1030 5031 inscripto
1077 4961 1448 5016 ‘Introduction
1483 4965 1538 5016 to
1571 4961 1896 5031 knowledge',
1944 4977 1973 5015 e
2008 4977 2111 5032 quo
2144 4977 2207 5016 ea
2240 4961 2431 5014 iterum
2468 4959 2611 5030 typis
2644 4958 2897 5028 impressa
2930 4960 3042 5028 lego
3076 4959 3131 5012 in
3164 4957 3224 5010 li-

301 5047 432 5102 bello
476 5049 760 5116 inscripto:
815 5045 1130 5116 ‘Specimens
1176 5048 1230 5101 of
1261 5045 1476 5101 Cornish
1525 5047 1806 5116 provincial
1850 5045 2061 5111 dialect,
2110 5045 2355 5101 collected
2403 5045 2505 5099 and
2540 5044 2789 5114 arranged
2823 5044 2895 5114 by
2932 5043 3091 5098 Uncle
3124 5043 3157 5095 J
3160 5059 3228 5096 an

293 5133 726 5198 Treenoodle,
774 5133 897 5186 with
939 5148 1080 5187 some
1113 5132 1470 5202 introductory
1507 5133 1755 5196 remarks,
1802 5133 1907 5185 and
1942 5148 1975 5184 a
2006 5134 2265 5202 glossar-y,
2311 5133 2382 5204 by
2418 5146 2486 5184 an
2522 5119 2852 5200 antiquat-ian
2885 5127 3076 5191 friend,
3120 5128 3227 5184 also

293 5233 328 5271 a
356 5207 610 5275 auctiori
643 5219 700 5273 cf
725 5233 886 5296 songs
915 5220 1022 5277 nd
1055 5219 1206 5276 other
1239 5220 1410 5299 pisces
1443 5217 1726 5274 connected
1761 5217 1887 5278 with
1922 5216 2190 5276 Oomwall.
2260 5215 2475 5274 London
2518 5215 2681 5280 1846’,
2714 5229 2768 5290 p,
2794 5219 2863 5268 84
2882 5228 2961 5292 sq.
