3717 5642
1606 1559 2447 1691 APPENDIX.

1023 2014 1568 2098 SPlClLEGlA
1618 2014 1749 2099 ET
1798 2016 2328 2099 SPECIMlNA
2373 2016 2436 2099 Ε
2481 2016 3018 2100 CODlCIBUS.

734 2200 1082 2287 Spicilegia
1133 2201 1237 2265 vel
1290 2201 1601 2267 dictiones
1654 2212 1719 2267 et
1774 2202 2127 2267 sententias
2173 2200 2454 2268 eiusdem
2500 2203 2786 2287 generis,
2831 2211 2904 2267 ut
2945 2202 3340 2288 grammatici
3377 2201 3480 2267 vel

561 2302 851 2383 moralis,
914 2303 1217 2367 collectas
1266 2315 1329 2367 et
1371 2303 1720 2388 specimina
1762 2304 1866 2367 vel
1907 2312 2120 2390 partes
2177 2304 2460 2389 integras
2505 2326 2541 2369 e
2585 2303 2914 2368 codicibus
2969 2302 3344 2389 praesertim
3387 2302 3478 2366 hi-

561 2406 836 2470 bernicis
878 2414 1009 2468 tam
1052 2403 1525 2469 exercitationis
1555 2426 1769 2485 causa,
1815 2427 2003 2489 quam
2034 2427 2157 2491 quo
2188 2407 2544 2471 accuratius
2576 2416 2998 2490 cognoscatur
3026 2403 3257 2470 modus
3277 2404 3479 2468 inter·

557 2506 849 2592 pretandi
906 2516 1185 2570 veterum
1244 2506 1682 2590 glossatorum,
1732 2506 2117 2592 subiungere
2161 2505 2268 2571 hic
2308 2507 2376 2569 in
2417 2508 2544 2573 fine
2589 2509 2800 2594 operis
2844 2508 3266 2593 incongruum
3310 2514 3480 2569 certe

556 2630 686 2671 non
732 2614 845 2687 est,
891 2616 955 2672 et
994 2606 1183 2672 modo
1229 2606 1459 2672 addere
1504 2608 2101 2673 commentationem
2141 2608 2232 2672 ita
2271 2607 2642 2695 propositis,
2687 2610 2872 2674 modo
2919 2608 3228 2689 omittere,
3273 2618 3342 2669 ut
3367 2605 3480 2669 ha-

555 2733 693 2773 rum
756 2708 1101 2773 litterarum
1163 2707 1433 2773 studiosi
1485 2706 1878 2774 facilioribus
1933 2709 2306 2795 quibusdam
2365 2708 2586 2775 imbuti
2639 2708 2766 2795 ipsi
2836 2709 3070 2774 deinde
3125 2707 3480 2793 periculum

552 2811 791 2876 faciant
844 2812 909 2875 in
955 2812 1117 2877 aliis.
1206 2808 1592 2874 Britannicis
1636 2832 1797 2896 quae
1841 2820 2070 2897 postea
2113 2821 2444 2893 secuntur,
2503 2811 2851 2883 rarioribus
2907 2820 2974 2897 et
3025 2808 3480 2875 vetustioribus

556 2912 619 2975 in
666 2936 857 2976 unum
901 2912 1109 2977 locum
1152 2911 1460 2992 collectis,
1508 2912 1799 2977 omnibus
1844 2912 2332 2977 commentarius
2377 2912 2708 2977 addendus
2753 2934 2898 2976 esse
2943 2910 3296 2975 videbatur.

1626 3319 1683 3393 L
1773 3318 2386 3394 Hibernica

1375 3488 1457 3552 A.
1522 3484 1959 3553 Dictiones
2002 3485 2626 3571 grammaticae!

1860 3618 2140 3687 Sonus

712 3784 970 3870 Foyur
1014 3784 1262 3867 (sonae,
1307 3780 1797 3869 pronuntiatio):
1860 3780 2057 3866 foqwr
2099 3804 2167 3846 .z.
2201 3780 2319 3865 for
2362 3782 2442 3845 .d.
2487 3778 2604 3865 (gl.
2651 3800 2848 3866 saepe
2879 3781 2922 3846 d
2951 3782 3310 3848 scribentes
3339 3779 3470 3845 La·

538 3886 659 3951 tini
698 3886 893 3966 hano,
938 3908 973 3949 z
996 3936 1013 3960 ‚
1074 3885 1429 3971 exprimunt
1486 3904 1670 3962 sono,
1715 3930 1730 3945 .
1765 3932 1778 3946 .
1811 3882 2236 3966 antiquissimi
2279 3879 2643 3947 Medentius
2689 3880 2989 3949 dicebant
3043 3906 3164 3969 pro
3209 3882 3474 3947 Mezen-

538 3988 695 4067 tius,
742 3986 944 4051 Prisc.
1006 3989 1072 4066 1,
1118 3988 1185 4066 6,
1234 3987 1341 4065 313
1395 3986 1436 4047 i.
1484 4006 1534 4047 e.
1586 4004 1781 4049 sonus
1824 4004 1861 4045 z
1906 4004 2020 4068 pro
2067 3982 2137 4067 d)
2183 3982 2290 4069 Sg.
2341 3984 2458 4046 11⁸.
2545 4002 2818 4049 comocus
2869 3984 3103 4070 asoyur
3159 3982 3470 4049 diminuat

538 4089 655 4173 (gl.
698 4088 938 4173 placuit
978 4087 1120 4153 loco
1175 4087 1490 4172 digamma
1534 4109 1573 4149 v
1618 4107 1730 4170 pro
1786 4094 2210 4165 consonante,
2277 4084 2447 4169 quod
2499 4088 2880 4167 cognatione
2939 4085 3086 4165 soni
3129 4086 3472 4151 Videbam·

538 4190 749 4255 affinis
795 4210 941 4254 esse
984 4210 1061 4252 ea
1102 4188 1303 4267 litera,
1350 4186 1455 4252 Pr.
1510 4190 1563 4267 l,
1608 4187 1668 4265 4,
1720 4186 1828 4265 123
1873 4185 1915 4248 i.
1961 4208 2015 4249 e.
2060 4186 2454 4272 propinquus
2500 4207 2717 4263 eorum
2761 4218 2958 4266 sonus
3003 4186 3348 4271 utrimque)
3381 4188 3462 4253 6⁶.

537 4292 719 4353 emitlc
771 4291 1029 4374 infoqur
1084 4291 1246 4351 m'sin
1302 4288 1416 4373 (gl.
1463 4308 1607 4351 eum
1648 4308 1845 4371 prope
1903 4308 2156 4365 sonum,
2215 4308 2404 4371 quem
2457 4307 2630 4351 nunc
2674 4282 2896 4363 habet,
2945 4286 3007 4368 f,
3056 4287 3466 4373 significabat

534 4413 576 4476 p
622 4414 760 4455 cum
806 4390 1213 4475 aspiratione,
1261 4388 1443 4473 ibid.)
1490 4392 1569 4453 5¹¹.
1644 4388 1870 4471 soquir
1914 4387 2029 4472 (gl.
2077 4388 2248 4467 soni,
2307 4386 2720 4472 cognatione)
2763 4388 2842 4450 6‘.
2917 4399 3024 4451 not
3081 4390 3343 4453 inchoate
3401 4394 3464 4452 ,ιζ

529 4494 1043 4574 pronmetiatz'om's
1100 4494 1160 4553 ,ιζ
1218 4490 1676 4552 inchumacktai
1730 4484 1768 4549 7
1821 4489 2146 4573 indfoqair
2199 4488 2315 4574 (gl.
2370 4487 2556 4553 litera
2611 4498 2710 4553 est
2777 4497 2934 4552 nota
2995 4488 3324 4575 elementi)
3381 4491 3464 4555 3⁸.

534 4594 717 4653 emirh.
760 4594 971 4677 ifoqm·
1014 4592 1128 4675 (gl.
1175 4612 1295 4655 nec
1338 4592 1404 4654 in
1448 4590 1637 4674 sono)
1684 4590 1764 4651 6⁶.
1852 4590 2106 4674 hzjfhqur
2150 4590 2267 4673 (gl.
2311 4590 2378 4653 in
2423 4589 2962 4676 pronuntiatione,
3011 4590 3096 4675 gl.
3143 4592 3332 4676 sono)
3378 4594 3463 4655 9·.

533 4695 613 4755 θ’.
685 4696 803 4758 re'il
846 4694 1177 4757 oersoilctlte
1222 4692 1373 4754 beo-il
1414 4694 1700 4773 ocafoqer
1742 4690 2110 4753 isindlucsin
2156 4690 2272 4775 (gl.
2319 4716 2380 4757 m
2429 4702 2712 4777 apertum
2757 4690 2824 4754 in
2866 4692 3190 4780 principio
3247 4694 3462 4779 sonat)

537 4797 651 4859 14⁸.
750 4794 1215 4859 derbaibv'asl‘e'sin.
1290 4782 1605 4878 derbs'oqir
1667 4791 1782 4876 (gl.
1840 4791 2024 4877 ipsae
2091 4794 2672 4877 pronuntiationes)
2727 4792 2806 4857 3⁵.
2889 4795 3004 4875 fri
3065 4798 3336 4881 mzjfoqur
3397 4800 3460 4861 A.

659 4990 682 5016 ’
720 4992 765 5041 Α
786 4990 957 5041 codiee
991 4990 1077 5057 Sg.
1116 4988 1297 5040 referto
1334 4988 1486 5038 huius
1520 4986 1724 5053 generis
1755 4984 2070 5037 dictionibus
2115 5001 2233 5039 cum
2273 4989 2354 5040 vix
2377 4988 2668 5041 discordent
2703 4990 2878 5053 ceteri,
2916 4989 3128 5057 quando
3169 4993 3338 5061 agitur
3383 4992 3452 5045 de

528 5058 679 5109 rebus
706 5059 1070 5123 grammaticis,
1106 5058 1205 5107 nisi
1242 5057 1295 5107 in
1332 5057 1508 5123 paucis
1546 5060 1605 5104 ut
1640 5054 1984 5105 nomae-como!
2019 5055 2402 5109 [coniunctivae
2439 5058 2540 5118 ML,
2579 5059 2878 5111 coniunctio
2913 5058 3024 5127 Sg.)
3059 5059 3138 5111 vel
3179 5061 3444 5113 hibernica

526 5124 903 5190 significatione
937 5126 1234 5192 imperfecti,
1270 5124 1395 5175 satis
1428 5128 1567 5174 certa
1602 5125 1657 5173 in
1682 5124 1761 5174 his
1786 5129 1839 5173 et
1865 5128 2106 5175 constans
2144 5134 2358 5206 apparet
2387 5127 2592 5178 dicendi
2625 5126 2949 5179 cousuetudo
2987 5132 3224 5181 veterum
3259 5144 3436 5182 mona·

527 5192 751 5244 chorum
784 5190 1143 5255 Hiber-norum,
1177 5192 1267 5259 qui
1300 5192 1389 5245 illa
1420 5207 1450 5243 e
1480 5191 1661 5257 primis
1695 5190 1849 5243 medii
1883 5192 1998 5243 aevi
2032 5193 2252 5245 saeculis
2287 5196 2579 5250 coluerunt.
