3717 5642
528 295 655 360 680
716 297 851 359 (643-
877 294 999 357 644)
1279 291 1392 358 IV.
1438 291 1497 357 2.
1561 308 2145 359 Pmnrosirionns
2185 286 2665 355 nmmmosiz.

696 479 881 545 TAN
911 480 1115 564 (sub),
1160 488 1465 567 perpetua
1490 478 1622 547 fere
1650 479 1996 546 infectione
2026 480 2175 561 dan,
2206 476 2596 564 praepositio
2625 477 2886 564 propria
2912 477 3308 545 britannicae
3333 476 3470 543 lin-

530 604 691 666 guae
734 604 849 666 pro
888 581 1017 647 hib.
1032 582 1133 664 f0,
1180 582 1463 648 associat
1506 582 1632 648 sibi
1678 581 1837 648 alias
1869 581 2377 668 praepositiones
2419 586 2493 643 ut
2519 580 2607 661 di,
2631 602 2694 665 9,
2743 581 3055 646 cambrice
3084 581 3472 667 praesertim

532 684 874 748 coniuncta
917 706 1063 749 oum
1102 684 1580 770 pronominibus
1626 684 1892 763 suffixis,
1938 683 2145 748 rarius
2193 708 2250 747 α.

701 783 1116 852 Gambrica
1157 785 1478 872 exempla:
1526 787 1797 851 deutroet
1824 786 2018 849 owein
2063 786 2190 848 dan
2215 807 2258 869 9
2289 782 2440 847 bord
2481 783 2710 871 (pedes
2742 785 2822 852 Ο.
2855 786 2973 851 θιὼ
3001 783 3254 867 mensa)
3283 783 3470 849 Mab.

536 890 591 967 1,
624 887 724 952 33.
778 886 1099 973 yobennyd
1140 889 1266 951 dan
1300 909 1475 973 penu
1514 912 1557 974 9
1599 888 1721 951 elin
1765 886 2093 972 (pulvinar
2136 886 2253 951 sub
2299 886 2532 971 angulo
2575 887 2766 953 ulnae
2805 887 2977 971 eius)
3014 892 3068 967 1,
3101 886 3160 951 2.
3207 884 3470 971 bydwoh

526 1010 675 1072 yma
710 1038 724 1051 .
752 1036 765 1050 .
792 1038 808 1052 .
842 989 971 1052 dan
1006 1010 1051 1074 9
1082 1000 1268 1075 paret
1309 989 1494 1053 kwnn
1552 989 1787 1073 (estote
1830 988 1937 1053 hic
1981 988 2099 1054 sub
2141 987 2384 1073 pariete
2426 986 2579 1071 hoc)
2637 990 2696 1071 3,
2744 991 2884 1055 199.
2951 1011 2994 1074 9
3035 986 3298 1072 σῑ9ιη9πι
3347 1008 3470 1072 99-

532 1089 804 1154 uartlma
846 1110 976 1153 cum
1018 1090 1147 1153 dan
1178 1101 1368 1175 paret
1416 1112 1497 1175 yr
1534 1090 1799 1176 ystauell
1853 1090 2234 1175 (audiebant
2273 1089 2568 1154 latratum
2610 1112 2838 1156 canum
2895 1092 3012 1157 θιὼ
3059 1090 3306 1176 pariete
3355 1112 3472 1155 cu-

408 1234 417 1246 .
531 1190 757 1275 biculi)
800 1190 858 1273 3,
896 1192 1035 1257 198.
1087 1192 1283 1276 myzl
1322 1193 1450 1255 dan
1494 1191 1690 1255 brenn
1728 1212 1912 1277 yooer·
1955 1190 2154 1275 (stare
2185 1190 2302 1255 sub
2333 1192 2558 1257 arbore
2589 1192 2918 1273 umbrosa)
2966 1193 3025 1274 2,
3055 1194 3156 1258 53.
3211 1215 3474 1277 qwneu-

530 1293 677 1357 tkur
716 1293 864 1379 pwll
906 1315 1097 1356 aomo
1140 1295 1268 1357 dan
1307 1316 1351 1379 9
1393 1295 1573 1359 draet
1625 1292 1805 1375 (fecit
1846 1302 2108 1378 puteum
2151 1292 2270 1357 sub
2314 1293 2452 1358 eius
2497 1294 2802 1381 pedibus)
2858 1294 2916 1374 2,
2954 1294 3097 1389 237ἶ
3158 1316 3203 1379 9
3243 1294 3476 1381 εῑίωη9

528 1418 572 1481 9
614 1418 744 1459 own
796 1396 925 1460 dan
975 1418 1019 1481 9
1061 1407 1189 1459 coet
1240 1394 1355 1475 (ad
1411 1394 1819 1459 dimittendos
1875 1416 2069 1459 canes
2123 1395 2241 1460 sub
2297 1394 2554 1480 silvam)
2608 1398 2666 1477 3,
2706 1396 2766 1462 8.
2837 1396 3159 1481 ffynnawn
3213 1396 3477 1461 awelwn

532 1497 661 1561 dan
698 1518 743 1581 9
762 1518 968 1582 prema
1012 1496 1279 1581 (fontem
1308 1496 1605 1563 videbam
1649 1498 1764 1562 sub
1798 1495 2072 1580 arbore),
2113 1496 2288 1581 ydem
2324 1518 2368 1581 9
2389 1518 2595 1581 prema
2621 1499 2861 1563 hwnnw
2899 1520 2942 1583 9
2969 1520 3109 1562 mae
3143 1496 3476 1582 ffynnawn

536 1599 688 1683 (sub
732 1598 845 1662 illa
888 1599 1113 1664 arbore
1160 1608 1260 1664 est
1298 1598 1473 1681 fons)
1524 1602 1577 1679 1,
1625 1600 1684 1663 8.
1761 1599 1957 1683 seuyll
2009 1620 2198 1663 aoruc
2233 1598 2408 1682 ydan
2453 1598 2642 1663 bremt
2691 1600 2901 1685 (stetit
2943 1600 3058 1666 sub
3103 1598 3365 1684 arbore)
3413 1601 3476 1680 2,

534 1700 636 1764 52.
698 1698 947 1784 bydwch
983 1722 1133 1785 yma
1171 1700 1349 1785 ydem
1388 1723 1431 1785 9
1472 1712 1654 1783 paret
1697 1697 1933 1782 (estote
1976 1699 2082 1766 hic
2126 1701 2244 1766 θιὼ
2287 1700 2581 1785 pariete),
2622 1724 2667 1785 9
2707 1701 2921 1786 clywei
2959 1702 3239 1787 dyqyum·
3279 1704 3477 1788 achy-

532 1800 809 1865 uarthua
836 1824 967 1865 own
1006 1824 1050 1886 9
1092 1802 1224 1866 dan
1271 1801 1442 1865 haret
1476 1822 1556 1885 yr
1588 1801 1850 1887 ystauell
1891 1802 2221 1884 (audiebat
2263 1801 2596 1867 tumultum
2642 1812 2706 1869 et
2732 1802 3028 1868 latratum
3072 1825 3303 1869 canum
3348 1806 3476 1870 θιὼ

532 1903 775 1989 pariete
822 1901 1130 1985 cubiculi)
1186 1902 1244 1983 3,
1299 1903 1435 1967 198.
1485 1904 1625 1966 199.
1687 1925 1731 1988 9
1772 1925 1957 1966 vwrw
2004 1924 2085 1987 yr
2129 1903 2320 1966 llawv··
2359 1925 2404 1989 9
2445 1904 2574 1967 dan
2616 1904 2795 1969 draet
2842 1928 2887 1989 9
2927 1905 3124 1969 warch,
3180 1904 3479 1989 (deicere

536 2026 681 2069 eum
724 2004 807 2069 ad
848 2003 1105 2068 humum
1150 2004 1269 2069 θιὼ
1313 2004 1513 2089 pedes
1558 2006 1705 2090 equi
1751 2004 1924 2088 eius)
1970 2004 2029 2085 2,
2061 2003 2164 2068 48.
2225 2026 2306 2089 97·
2349 2002 2612 2089 brifford
2650 2006 2814 2086 ‘assas
2843 2007 3013 2092 ydem
3051 2028 3093 2090 9
3135 2006 3291 2090 dres
3327 2006 3478 2090 (via

534 2105 909 2192 principalis
951 2105 1169 2171 infima
1222 2107 1341 2171 θιὼ
1384 2105 1571 2191 urbe)
1616 2108 1674 2189 2,
1707 2108 1807 2172 50.
1882 2106 2075 2169 adada·
2124 2127 2168 2189 9
2211 2106 2339 2170 dan
2377 2126 2421 2189 9
2461 2107 2680 2170 ‘medwl
2731 2107 2826 2190 (et
2869 2130 3230 2195 supponere
3289 2110 3481 2194 cogi-

532 2206 761 2271 tationi
802 2208 989 2292 suae)
1034 2209 1092 2291 2,
1128 2208 1229 2273 59.
1280 2231 1465 2293 ywan
1504 2230 1548 2292 9
1591 2208 1719 2271 dan
1758 2207 2032 2293 ymeirch
2075 2207 2440 2291 (penetrare
2485 2207 2602 2273 sub
2647 2210 2880 2295 equos)
2927 2211 2984 2291 3,
3018 2210 3118 2275 84.
3167 2233 3213 2296 9
3251 2209 3487 2296 klywei

533 2310 779 2373 odorun
820 2312 994 2375 adan
1029 2321 1214 2395 paret
1248 2332 1329 2394 yo-
1370 2308 1633 2395 yetauell
1675 2308 2006 2392 (audiebat
2047 2308 2381 2394 strepitum
2423 2311 2543 2375 θιὼ
2586 2311 2834 2395 pariete
2877 2312 3184 2398 cubiculi)
3227 2312 3287 2392 3,
3328 2314 3479 2378 198.

534 2434 611 2477 ao
650 2434 734 2496 ny
773 2413 1027 2497 wydyat
1063 2434 1191 2497 yny
1230 2413 1363 2497 uyd
1402 2434 1445 2497 9
1476 2411 1663 2497 ἰί99οε
1698 2433 1965 2496 9π9ωαπ
2008 2410 2178 2474 adan
2213 2431 2260 2495 9
2284 2410 2472 2495 yrofft
2514 2411 2668 2495 (nec
2696 2413 2959 2495 sciebat,
3008 2412 3211 2479 donec
3251 2436 3482 2479 mures

534 2523 873 2600 penetrant
916 2514 1035 2580 sub
1080 2512 1327 2598 agrum)
1374 2514 1431 2593 3,
1467 2515 1607 2579 155.
1672 2538 1715 2578 a
1758 2514 1884 2577 dan
1929 2512 2075 2576 tuell
2115 2511 2265 2595 (θιὼ
2308 2512 2550 2596 lodice)
2595 2512 2754 2599 Leg.
2787 2515 2845 2595 2,
2884 2518 2937 2596 1,
2969 2516 3074 2580 39.
3133 2514 3274 2583 cod.
3301 2514 3388 2579 Β.

707 2615 869 2683 Cum
920 2615 1403 2701 pronominibus
1458 2614 1735 2680 suffixis:
1806 2615 1970 2678 llenn
2022 2613 2191 2677 obali
2235 2615 2586 2701 melynqooh.
2635 2616 2908 2700 ydanaw
2972 2615 3363 2701 (stragulum
3435 2640 3474 2683 e

534 2740 745 2805 panno
799 2716 1125 2799 vai-iegato
1188 2719 1305 2783 sub
1355 2741 1462 2801 eo,
1521 2715 1831 2799 Arthuro)
1885 2714 2058 2781 Mab.
2105 2717 2160 2798 1,
2194 2716 2252 2779 2.
2317 2716 2394 2799 ef
2425 2739 2468 2779 a
2503 2716 2817 2803 yyfmyd
2865 2718 3212 2803 marchoyes
3265 2740 3342 2781 ac
3387 2719 3474 2800 ef.

532 2820 787 2885 amarolz
828 2818 1011 2884 achal
1046 2820 1322 2905 yoohwys
1362 2843 1406 2906 9
1451 2820 1641 2885 clanei
1679 2818 2014 2903 (convenit
2053 2840 2198 2883 cum
2239 2817 2474 2883 femina
2518 2818 2843 2903 equitante
2861 2870 2878 2897 ‚
2926 2828 2989 2884 et
3029 2840 3229 2903 equus
3274 2840 3476 2904 squa-

529 2921 699 2987 lidus
744 2920 977 2987 sudore
1018 2921 1309 2987 madidus
1355 2923 1474 2988 sub
1521 2920 1629 3005 ea)
1678 2923 1737 3002 1,
1774 2922 1918 2987 255.
1983 2912 2178 3005 tyana
2217 2918 2652 3005 yobennydyeu
2677 2970 2692 2985 .
2719 2968 2734 2985 .
2762 2970 2776 2984 .
2807 2921 3007 2988 udum
3041 2942 3086 3005 9
3113 2920 3350 2987 donam
3395 2945 3476 2985 ac

525 3024 789 3109 ynkylch
831 3022 1059 3106 (sterni
1100 3022 1462 3108 pulvinaria
1504 3023 1585 3088 ab
1630 3021 1743 3103 eie,
1790 3022 2040 3108 pueUiS,
2087 3021 2204 3087 sub
2247 3020 2455 3103 nobis,
2499 3020 2570 3085 in
2609 3020 2775 3087 locis
2817 3022 3075 3104 nostris,
3121 3031 3186 3088 et
3226 3023 3476 3090 circum

530 3125 685 3210 nos)
732 3130 787 3207 1,
818 3126 880 3190 4.

698 3225 863 3292 Item
907 3228 1224 3293 cornice
1269 3226 1567 3312 simplex:
1614 3236 1723 3289 tan
1753 3246 1843 3289 ow
1860 3224 2018 3307 seth,
2063 3235 2171 3290 tan
2201 3246 2272 3289 ov
2289 3224 2430 3310 seth
2470 3224 2616 3311 (per
2642 3224 2833 3291 fidem
2873 3224 3112 3310 meam)
3158 3225 3232 3292 P.
3262 3228 3370 3309 49,
3405 3230 3470 3292 4.

532 3327 612 3395 O.
642 3329 831 3393 2534.
917 3327 1193 3415 Saepius
1237 3328 1617 3414 composita:
1663 3348 1737 3390 en
1778 3348 1908 3412 qew
1953 3326 2077 3412 lym
2119 3330 2193 3413 es
2226 3350 2267 3390 a
2310 3325 2523 3411 beohye
2554 3346 2692 3410 pur
2731 3348 2860 3391 ewn
2897 3350 2984 3413 yn
3015 3328 3144 3393 dan
3189 3350 3275 3391 an
3302 3350 3476 3393 asow

532 3430 811 3515 (hastam
852 3439 1101 3494 acutam
1143 3430 1253 3495 ille
1293 3428 1641 3495 incutiebat
1680 3428 2039 3493 rectissima
2081 3430 2200 3495 sub
2247 3426 2492 3512 costas)
2536 3426 2612 3492 P.
2659 3429 2802 3508 218,
2829 3430 2892 3493 4.
2957 3451 3048 3493 ow
3091 3428 3192 3493 cul
3229 3438 3338 3493 tan
3381 3452 3474 3515 yn

532 3534 661 3597 dan
704 3555 789 3597 an
816 3530 958 3596 chela
1002 3532 1279 3613 (faciens
1320 3532 1537 3616 ignem
1582 3530 1700 3595 θιὼ
1734 3529 1976 3613 catino)
2020 3530 2098 3595 R.
2134 3530 2272 3595 139.
2321 3552 2410 3615 yn
2452 3530 2582 3593 dan
2623 3554 2764 3595 naw
2793 3530 3016 3595 alweth.
3044 3531 3198 3614 (θιὼ
3225 3554 3471 3596 novem

532 3631 853 3715 clavibus)
896 3631 973 3697 R.
1008 3635 1108 3699 31.
1145 3636 1245 3699 68.
1298 3657 1385 3719 yn
1429 3634 1557 3698 dan
1586 3633 1701 3696 dor
1744 3631 1896 3715 (sub
1928 3631 2096 3717 solo)
2124 3632 2200 3697 R.
2234 3633 2421 3697 2112.
2473 3653 2562 3715 yn
2589 3631 2718 3695 dan
2747 3632 2936 3716 dryys
2976 3631 3127 3715 (sub
3157 3632 3468 3717 pedibus)

443 3808 454 3819 ⁸
534 3732 614 3799 Ο.
658 3734 862 3815 2807;
918 3742 1156 3800 mutata
1211 3734 1708 3821 significatione·
1770 3734 2033 3818 dysweth
2080 3756 2124 3819 9
2168 3759 2209 3798 α
2247 3734 2398 3799 than
2437 3734 2534 3799 the
2571 3731 2710 3819 qlok
2763 3730 3163 3879 (demonstra
3215 3756 3325 3800 eas
3385 3734 3468 3800 de

532 3836 677 3919 sub,
725 3859 762 3902 e
808 3834 1026 3902 tunica
1066 3835 1206 3919 tua)
1252 3835 1335 3900 D.
1369 3836 1555 3901 2682.

702 3936 870 4004 Cum
915 3960 1094 4025 pron.
1130 3938 1304 4003 suff:
1350 3961 1473 4025 aya
1513 3939 1718 4023 skulye
1754 3962 1843 4024 9η
1871 3939 2073 4002 danne
2118 3937 2452 4023 (spargere
2483 3961 2613 4020 eos,
2658 3939 2869 4019 flores,
2916 3938 3034 4003 sub
3065 3863 3172 4018 eo)
3201 3933 3281 4001 D.
3314 3937 3466 4001 260.

698 4041 953 4105 Arem.
999 4039 1293 4107 DIDAN
1334 4041 1440 4105 vel
1468 4040 1814 4106 ENDAN.
1858 4060 1956 4101 me
1983 4038 2094 4101 1202
2137 4038 2260 4103 laes
2303 4039 2554 4103 breman
2597 4040 2794 4105 didam
2839 4060 2954 4103 oar
2993 4062 3076 4103 an
3113 4038 3261 4154 =quir
3297 4060 3467 4102 croe-

530 4142 698 4207 adar
740 4141 891 4227 (ego
936 4166 1053 4209 vos
1094 4144 1387 4229 relinquo
1432 4164 1605 4206 nunc
1649 4143 1766 4206 sub
1811 4162 1964 4206 cura
2003 4140 2140 4204 veri
2182 4139 2492 4225 hominis)
2521 4140 2686 4207 Buh.
2719 4143 2818 4223 80,
2851 4141 2912 4207 2.
2966 4168 3007 4207 a
3033 4142 3158 4205 mir
3196 4162 3266 4203 oz
3295 4150 3467 4203 tom·-

532 4256 695 4307 ment
714 4294 731 4308 .
761 4296 775 4309 .
802 4294 829 4313 ..
849 4245 1046 4307 didon
1086 4266 1193 4309 ma
1231 4245 1450 4330 yoalen
1497 4243 1639 4329 (qui
1686 4264 1873 4308 servo
1917 4265 1958 4306 a
1997 4251 2308 4306 tormento
2355 4244 2472 4307 sub
2514 4244 2697 4329 virga
2735 4242 2910 4324 mea)
2959 4243 3096 4324 150,
3130 4244 3186 4307 3.
3261 4242 3466 4307 didan

528 4368 696 4431 poan
738 4370 823 4409 an
863 4366 1039 4410 marv
1084 4346 1237 4431 (θιὼ
1268 4344 1585 4431 supplicio
1628 4343 1882 4427 mortis)
1924 4342 2059 4409 MJ.
2099 4341 2176 4407 77
2194 4342 2255 4407 b.
2314 4344 2517 4409 endan
2548 4334 2779 4427 (‘sub')
2813 4342 2998 4411 Cath.
3059 4344 3260 4409 endan
3296 4366 3468 4428 poan

530 4458 637 4510 out
689 4446 841 4532 (θιὼ
886 4447 1205 4534 supplicio
1248 4447 1350 4531 es)
1404 4446 1540 4512 MJ.
1586 4447 1664 4509 77
1682 4446 1740 4511 b.
1806 4445 2011 4509 endan
2052 4467 2164 4508 cuz
2219 4445 2370 4527 (sub
2415 4444 2696 4529 occulto)
2753 4448 2832 4511 77
2851 4468 2906 4511 a.
3007 4443 3176 4510 Hod.
3221 4445 3466 4509 diaden

532 4548 631 4633 (=
658 4549 731 4612 di
763 4547 1069 4633 endan?);
1113 4572 1259 4614 ven.
1300 4560 1512 4614 tamen
1552 4548 1713 4612 edan
1731 4598 1747 4629 ,
1800 4548 2026 4627 didam
2073 4547 2327 4613 cornico
2371 4572 2414 4612 a
2455 4548 2624 4612 dhan
2665 4548 3016 4634 respondet
3054 4546 3200 4612 hod.
3243 4571 3289 4611 a
3327 4548 3466 4610 zin-

533 4652 663 4715 dan
706 4672 784 4717 ac
827 4673 973 4717 ven.
1021 4675 1063 4715 a
1104 4672 1244 4714 zan.

705 4750 1041 4834 TRACH,
1104 4750 1283 4817 TRA
1328 4751 1566 4836 (ultra,
1611 4750 1837 4834 trans)
1883 4770 2046 4815 cam
2062 4750 2288 4815 brica
2328 4749 2718 4835 praepositio
2765 4748 3150 4816 conferenda
3187 4749 3318 4814 hib.
3365 4760 3470 4814 tar

535 4853 633 4937 (=
664 4854 846 4937 tare),
895 4855 1153 4940 saepius
1196 4852 1433 4919 infecta
1476 4854 1616 4933 dra,
1661 4851 1974 4917 abiectam
2005 4872 2350 4917 consonam
2392 4852 2788 4933 terminalem
2829 4850 3044 4937 prodit
3082 4850 3368 4937 aspirata
3409 4875 3460 4932 o,

534 4956 856 5041 geminata
906 4980 951 5021 π
1014 4954 1357 5041 principali
1415 4953 1800 5021 substantivi
1852 4953 2252 5038 insequentis
2317 4954 2386 5018 in
2439 4952 2724 5019 formulis
2786 4951 3324 5038 frequentissimis
3393 4953 3458 5016 in
