3717 5642
640 391 764 456 734
833 381 1145 454 (695-697)
1407 386 1522 451 IV.
1567 388 1626 451 3.
1700 405 2246 454 CONIUNCTIONES
2288 393 2765 453 smusmcm'.

646 585 820 641 certo
862 585 1018 640 tune
1062 575 1228 640 siout
1271 573 1368 656 di)
1413 572 1490 638 Ο.
1543 574 1680 640 178.
1749 574 1883 636 avel
1924 587 2167 638 servom
2208 596 2299 637 ow
2339 595 2551 658 sev-uye
2606 572 2804 657 (sieut
2846 598 3069 641 servus
3116 575 3427 660 serviens)
3470 573 3549 639 D.

637 681 779 744 804.
843 701 928 761 yn
969 677 1114 740 ruth,
1157 675 1290 738 asel
1327 697 1434 760 90⁸
1477 674 1697 759 (ruber
1741 676 1909 741 siout
1952 673 2247 760 sanguis)
2292 676 2363 740 R.
2396 677 2581 740 2500.

807 783 1050 844 Arem.
1097 775 1367 842 EVEL:
1429 777 1570 840 boue
1616 799 1740 861 pen
1790 778 1918 862 yeel
1968 778 2099 839 euel
2148 777 2281 840 dall
2334 777 2511 861 (esse
2565 778 2777 863 eapite
2836 776 3115 843 demisso
3170 789 3241 842 ιιι
3296 777 3552 858 caecus)

637 881 796 947 Buh.
829 883 892 960 4,
925 883 1025 946 24.
1095 879 1225 942 euel
1267 901 1346 940 vn
1383 879 1505 957 foll
1546 903 1629 940 an
1674 881 1757 942 oll
1797 901 1860 941 e:
1904 900 1997 940 em
2039 877 2217 940 colles
2263 878 2365 961 (ut
2394 878 2625 942 stultus
2672 879 2927 943 omnino
2974 891 3037 944 te
3072 879 3328 966 perdes)
3358 880 3463 956 72,
3498 880 3551 938 2.

635 983 760 1047 ecel
813 1003 936 1068 quy
980 984 1174 1046 dimez
1233 979 1432 1064 (sieut
1487 979 1666 1044 canis
1711 977 2077 1065 impudens)
2135 979 2267 1043 MJ.
2323 981 2397 1042 16
2416 981 2473 1044 b.
2546 981 2669 1044 ecel
2720 1005 2821 1042 am
2877 1005 2997 1044 eua-
3038 983 3230 1066 plaen
3284 981 3555 1043 ordrenet

641 1085 840 1169 (sieut
883 1084 1069 1168 plene
1116 1081 1446 1165 constitui)
1479 1082 1637 1145 201).
1705 1083 1827 1144 ecel
1870 1103 1935 1144 o:
1980 1102 2097 1143 enac
2125 1103 2313 1144 aman
2342 1082 2560 1144 laam-et
2604 1081 2801 1164 (siout
2830 1083 2935 1147 hio
2964 1081 3365 1163 nominastis)
3398 1081 3551 1143 401).

635 1187 963 1272 Frequens
1014 1195 1113 1248 est
1141 1183 1438 1268 loquendi
1468 1183 1738 1248 formula
1781 1181 1913 1246 euel
1935 1183 2070 1261 hen,
2114 1181 2257 1244 eual
2280 1183 2393 1244 ken
2425 1181 2525 1264 (ut
2554 1183 2694 1262 hoe,
2729 1184 2771 1247 i.
2804 1206 2858 1248 e.
2891 1185 3003 1266 sie,
3038 1185 3221 1270 ergo)
3264 1183 3425 1246 Buh.
3454 1184 3552 1258 66,

645 1291 738 1352 10.
791 1289 926 1366 126,
959 1289 1059 1349 21.
1115 1286 1246 1365 140,
1280 1289 1338 1350 5.
1391 1286 1526 1366 184,
1569 1287 1661 1348 18.
1716 1285 1849 1364 188,
1890 1288 1983 1347 15.
2053 1285 2337 1347 euellzenn
2380 1275 2589 1368 (‘sic')
2638 1284 2822 1352 Gah.
2888 1289 3168 1352 evelhenn
3222 1284 3353 1349 MJ.
3396 1283 3551 1346 3311.

645 1391 759 1453 157
778 1411 834 1452 a.
910 1385 1092 1450 ecelse
1145 1387 1224 1450 35
1241 1387 1302 1450 b.
1348 1384 1504 1450 541).
1555 1386 1738 1451 1399..
1837 1387 2010 1450 Ante
2072 1387 2245 1452 verbi
2299 1386 2538 1453 formas
2585 1389 2841 1473 saepius
2897 1388 3149 1452 additur
3201 1409 3366 1450 maz:
3440 1386 3559 1448 ere!

640 1491 896 1572 mazedy
942 1511 1014 1550 en
1059 1488 1222 1571 [yser
1261 1499 1414 1572 qaut
1455 1487 1572 1548 lton
1615 1487 1945 1570 propltedet
1983 1502 2215 1575 scryoet
2254 1489 2449 1553 sclam·
2493 1488 2692 1573 (sicut
2736 1500 2835 1554 est
2876 1490 2945 1553 in
2986 1491 3214 1557 litteris
3255 1512 3369 1576 per
3414 1511 3555 1574 pro-

639 1591 864 1677 phetas
896 1599 1150 1654 nostros
1183 1588 1486 1673 scriptum
1519 1587 1720 1671 clare)
1742 1588 1864 1652 205
1878 1611 1933 1654 a.
1980 1591 2103 1653 evel
2130 1614 2268 1654 ma:
2298 1612 2371 1653 eu
2398 1594 2539 1674 eoas
2560 1591 2636 1654 Ιιο
2664 1593 2804 1671 afui
2830 1590 2930 1675 (ιιι
2958 1600 3057 1656 est
3087 1591 3311 1656 celeris
3340 1611 3557 1654 eorum

651 1690 924 1774 invidia)
971 1689 1050 1753 22
1068 1711 1124 1752 a.
1211 1687 1312 1752 De
1355 1697 1666 1774 tempore:
1735 1687 1859 1752 evel
1900 1713 2005 1755 ma
2046 1713 2119 1755 en
2158 1692 2371 1778 quelas
2428 1692 2529 1776 (ιιι
2572 1717 2713 1758 eum
2757 1693 2946 1777 vidit)
2996 1694 3117 1758 102
3131 1717 3188 1759 a.
3260 1693 3380 1756 6υεὶ
3418 1713 3557 1754 ma:

635 1815 884 1858 marcas
928 1789 1228 1874 (simulac
1269 1801 1552 1854 mortuus
1600 1791 1726 1873 est)
1781 1792 1969 1856 1442.

806 1893 863 1957 2.
933 1891 1564 1959 Coniunctiones
1608 1892 2046 1958 nominales
2090 1893 2449 1959 efficiuntur
2488 1896 2850 1961 nominibus
2896 1906 3005 1960 aut
3044 1919 3161 1982 per
3190 1917 3261 1961 se
3306 1893 3557 1980 positis,

640 2007 706 2060 ιιι
749 1992 1200 2061 cambriois:
1249 1993 1342 2067 lle,
1379 2005 1548 2078 pryt,
1592 1995 1849 2074 aclmws,
1898 1997 2125 2081 quibus
2169 1996 2316 2062 addi
2346 2005 2643 2082 poterunt
2669 1996 3178 2102 praepositiones
3206 1995 3559 2062 nominales

637 2097 887 2182 herwyd
931 2105 996 2160 et
1035 2096 1158 2178 lest,
1205 2104 1314 2158 aut
1357 2095 1829 2179 praepositione
1874 2097 2225 2184 praemissa
2266 2107 2337 2162 ut
2378 2119 2527 2163 awr.

808 2194 980 2262 LLE
1037 2195 1280 2280 (loeus)
1348 2195 1636 2261 absolute
1692 2198 1968 2282 positum
2025 2197 2491 2284 significatione
2550 2201 2821 2265 causali.
2892 2199 2997 2264 am
3050 2201 3271 2285 ueneqi
3319 2197 3562 2278 οΙιοπῳί

636 2301 759 2383 ytti
799 2301 882 2384 dy
925 2299 1024 2361 les.
1071 2298 1148 2360 lle
1189 2321 1303 2384 ny&
1340 2309 1568 2361 metrae
1609 2301 1690 2384 dy
1733 2299 1859 2363 hun
1904 2299 2195 2386 (propter
2238 2309 2648 2365 monstratum
2693 2323 2732 2364 a
2772 2323 2877 2366 me
2920 2311 3092 2365 tuum
3138 2301 3559 2368 commodum.

639 2421 782 2464 oum
825 2409 894 2462 ιιι
937 2399 1083 2484 ipsa
1123 2399 1192 2462 id
1232 2421 1362 2464 non
1407 2401 1754 2486 cogitares)
1799 2400 1973 2466 Mab.
2012 2405 2064 2482 1,
2101 2403 2199 2465 19.

803 2500 1036 2566 PRYT
1083 2500 1396 2586 (tempus)
1451 2503 1604 2566 item
1649 2503 1941 2567 absolute
1982 2503 2262 2588 positum
2308 2503 2775 2589 significatione
2819 2504 3087 2569 eausaliz
3152 2505 3405 2588 pydemo
3444 2507 3564 2586 yffi

629 2615 782 2687 pryt
835 2615 946 2666 nat
987 2603 1308 2687 atteppych
1347 2627 1388 2688 y
1427 2604 1540 2667 neb
1583 2605 1774 2668 kediw
1819 2605 2003 2689 (quid
2050 2605 2284 2669 accidit
2320 2605 2459 2686 tibi,
2506 2628 2618 2670 cur
2655 2629 2787 2670 non
2828 2605 3221 2691 respondeas
3266 2603 3561 2688 cuiquam

636 2705 826 2770 hodie
846 2705 906 2788 Ρ)
949 2703 1339 2796 Mab.1‚1s.
1401 2727 1486 2789 pa
1529 2706 1726 2768 uedwl
1761 2729 1865 2790 μω
1910 2707 1992 2788 dy
2025 2717 2121 2769 teu
2162 2708 2234 2768 di
2258 2719 2409 2791 pvyt
2448 2731 2533 2770 na
2566 2705 2811 2791 bwyttel
2813 2707 2929 2792 ι1]εῆ
2976 2707 3173 2792 (quae
3220 2714 3321 2770 est
3358 2704 3563 2768 medi-

637 2807 792 2872 tatio
836 2817 962 2888 tua,
1009 2827 1203 2892 quare
1247 2829 1376 2870 non
1404 2806 1824 2890 manduces?)
1870 2807 1926 2886 2,
1958 2807 2061 2871 63.

801 2903 1196 2976 ACHAWS
1239 2907 1524 2992 (causa):
1567 2909 1728 2994 qalw
1773 2929 1806 2969 o
1849 2907 2072 2972 arthur
2116 2931 2189 2970 ar
2213 2909 2499 2995 qyndelic
2536 2908 2946 2993 lcgjfarwyd..
2975 2909 3269 2974 .aclmws
3306 2919 3419 2992 πμ
3444 2909 3557 2970 oed

631 3009 830 3072 waeth.
872 3009 1198 3095 leysarwyd
1244 3032 1370 3094 yny
1423 3010 1570 3072 wlat
1611 3032 1723 3094 nys
1764 3009 2039 3093 rywelsei
2076 3011 2302 3093 etryoet
2342 3032 2456 3073 noc
2494 3033 2621 3095 yny
2662 3009 2807 3074 wlat
2857 3011 3033 3072 chun.
3098 3011 3263 3095 yalw
3301 3007 3559 3094 qun-kyr

629 3110 962 3195 qwalltawt
1002 3111 1276 3174 ieitkoed.
1333 3111 1574 3174 achaws
1611 3133 1691 3194 φ·
1733 3111 1856 3174 boll
1896 3111 2157 3175 ieitlwed
2198 3113 2499 3195 amydyat.
2543 3111 2831 3195 (evocari
2875 3111 2957 3175 ab
3000 3110 3284 3175 Arthuro
3333 3108 3407 3177 O.
3456 3107 3553 3184 Ca,

634 3211 786 3296 quia
837 3232 966 3275 non
1013 3221 1148 3276 erat
1187 3212 1370 3297 peior
1409 3211 1634 3275 ductor
1683 3211 1751 3274 in
1797 3234 1874 3277 ea
1914 3225 2081 3278 terra
2137 3235 2326 3298 quam
2368 3235 2691 3298 nunquam
2734 3213 3030 3287 vidisset,
3089 3233 3281 3296 quam
3324 3211 3395 3274 in
3440 3231 3559 3274 sua

633 3310 837 3397 ipsius
881 3322 1068 3378 terra.
1156 3313 1432 3380 Evocari
1476 3313 1557 3378 G.
1607 3312 1688 3380 G.
1735 3313 1796 3394 i.‚
1845 3315 1996 3398 quia
2038 3337 2254 3380 omnes
2302 3314 2553 3400 linguas
2600 3313 2873 3397 sciebat)
2915 3313 3089 3377 Mab.
3120 3313 3178 3392 2,
3212 3311 3357 3375 214.

800 3412 1014 3480 AWR
1058 3415 1274 3500 (hora)
1319 3439 1460 3481 eum
1490 3415 1966 3500 praepositione
1991 3437 2071 3500 φ·
2114 3416 2559 3481 eonferendum
2602 3416 2907 3480 formulae
2945 3437 3025 3499 φ·
3046 3437 3180 3498 pan
3221 3413 3335 3497 (ex
3362 3413 3553 3498 quo):

626 3537 710 3600 yr
752 3537 888 3578 awt-
925 3539 969 3600 y
1009 3517 1235 3603 leenych.
1277 3519 1347 3601 ef
1381 3539 1463 3580 aa
1501 3539 1545 3600 y
1587 3517 1753 3600 nywl
1788 3519 2017 3602 ymeith,
2058 3517 2170 3601 (ab
2216 3515 2388 3599 hora,
2438 3539 2565 3603 qua
2592 3515 2899 3581 cecineris
2946 3538 3040 3595 ee,
3085 3536 3304 3595 cornu,
3352 3514 3559 3579 abibit

632 3615 938 3699 nebula),
997 3641 1071 3681 ac
1119 3641 1198 3701 φ·
1241 3640 1374 3680 awr
1423 3639 1468 3701 y
1510 3621 1684 3681 rodes
1738 3619 1945 3703 unlqu
1976 3641 2209 3683 arnaw.
2269 3620 2359 3704 yd
2400 3619 2539 3682 aetla
2576 3641 2619 3702 y
2662 3619 2827 3700 πρωί
2863 3615 3090 3701 ymeith
3146 3615 3245 3698 (et
3286 3614 3555 3680 simulac

633 3717 808 3781 dedit
857 3739 1047 3781 unum
1093 3717 1373 3783 sonitum
1416 3740 1511 3799 e0,
1558 3719 1716 3783 abiit
1757 3719 2019 3804 nebula)
2061 3719 2231 3784 Mab.
2264 3720 2321 3800 2,
2354 3721 2455 3783 65.
2486 3721 2589 3783 66.

807 3817 1205 3884 Cornioae
1251 3817 1730 3884 coniunctiones
1773 3820 2219 3906 frequentioris
2268 3841 2426 3885 usus
2466 3819 2780 3905 prodeunt
2820 3841 2902 3882 ex
2942 3817 3305 3882 nominibus
3348 3819 3453 3882 del
3494 3830 3558 3884 et

631 3941 730 3998 er3
781 3919 898 3984 sed
941 3918 1358 3984 conferendae
1405 3929 1554 3983 sunt
1593 3922 2101 4005 praepositiones
2144 3920 2499 3985 nominales
2545 3921 2777 4002 drefen,
2824 3918 2951 4003 bys.

803 4017 984 4084 DEL
1029 4019 1120 4102 (=
1153 4019 1385 4084 eambr.
1417 4020 1587 4101 delw,
1632 4019 1760 4085 hib.
1792 4021 1957 4106 delb)
1988 4059 2072 4069 ——
2117 4023 2287 4106 quod
2328 4020 2643 4107 principio
2684 4019 3147 4086 substantivum
3192 4041 3339 4084 esse
3378 4031 3555 4106 patet

632 4143 710 4185 ex
738 4120 884 4184 aliis
913 4119 1230 4185 formulis:
1272 4142 1360 4206 yn
1389 4121 1608 4202 delma,
1650 4143 1694 4205 y
1724 4122 1903 4203 della,
1945 4147 2031 4208 yn
2058 4122 2309 4187 ket-elma
2352 4120 2507 4205 (hoe
2533 4122 2749 4207 modo)
2782 4120 2854 4185 P.
2894 4123 2986 4199 14,
3024 4123 3078 4186 1.
3130 4120 3269 4202 193,
3306 4125 3361 4186 1.
3408 4125 3550 4202 259,

632 4225 691 4288 2.
763 4243 850 4306 yn
891 4221 1102 4286 ketella
1146 4221 1402 4305 (eodem
1443 4224 1662 4303 mod03
1710 4251 1769 4275 =
1811 4245 1899 4306 yn
1940 4224 2073 4287 leeth
2116 4224 2215 4288 del
2252 4222 2387 4307 πια)
2437 4225 2573 4304 170,
2608 4225 2645 4287 2
2702 4259 2785 4269 —-
2840 4221 3309 4288 coniunctionis
3351 4225 3553 4289 instar

635 4333 746 4389 aut
787 4323 1060 4409 simplex
1103 4323 1438 4388 adhibetur
1481 4333 1588 4388 aut
1633 4325 2074 4408 compositum.
2163 4324 2447 4412 Simplex
2496 4324 2595 4388 del
2636 4323 2799 4408 (ut):
2849 4344 3100 4407 nynsyw
3143 4323 3263 4386 den
3286 4324 3414 4406 fur
3456 4326 3553 4388 del

627 4447 809 4511 qresa
855 4426 1014 4510 (non
1061 4433 1160 4490 est
1200 4425 1301 4488 vir
1344 4425 1620 4509 sapiens,
1671 4435 1735 4488 ut
1776 4424 1999 4509 oredo)
2044 4425 2123 4488 D.
2158 4427 2299 4491 216.
2362 4449 2444 4510 ny
2487 4450 2569 4488 an
2613 4425 2782 4509 treyle.
2824 4422 2922 4485 olel
2965 4423 3223 4486 leuen-eth
3265 4422 3551 4506 (scinde-

632 4549 768 4592 mus
811 4527 911 4609 id,
959 4535 1029 4589 ιιι
1073 4524 1264 4609 dicis)
1323 4522 1401 4590 Ο.
1444 4525 1628 4592 2533.
1703 4523 1801 4587 del
1855 4529 2048 4610 redyn
2102 4525 2203 4609 (ιιι
2244 4525 2545 4612 legimus)
2602 4524 2674 4589 P.
2716 4525 2860 4605 204,
2895 4527 2952 4592 3.
2997 4525 3139 4604 206,
3174 4526 3233 4588 2.
3308 4523 3402 4588 εῖτ
3452 4529 3553 4590 del

632 4650 769 4691 arse
812 4629 1012 4708 (sient
1055 4625 1351 4694 Christus
1393 4625 1834 4709 mandaverat)
1888 4629 2022 4709 199,
2054 4628 2112 4690 2.
2164 4651 2250 4712 yn
2293 4651 2453 4692 vrna
2478 4627 2671 4710 fatell
2709 4647 2819 4709 oye
2860 4647 2963 4689 am
2996 4624 3279 4689 bemus
3318 4629 3419 4690 del
3452 4651 3550 4712 φο

630 4729 854 4814 scm‘fys
879 4751 966 4814 yn
999 4728 1234 4813 lyffrow
1263 4727 1446 4810 (tune
1492 4727 1804 4813 quomodo
1835 4734 2011 4791 esset
2053 4725 2131 4790 de
2160 4727 2295 4792 vita
2320 4751 2480 4810 mea,
2528 4727 2693 4792 siout
2738 4726 3041 4813 scriptum
3071 4737 3173 4790 est
3198 4725 3265 4789 in
3296 4725 3479 4793 libris
3494 4729 3551 4812 Ρ)

633 4831 732 4909 73,
766 4831 822 4893 2.
895 4831 994 4893 del
1032 4851 1238 4913 vynny
1283 4828 1484 4910 (sieut
1523 4829 1721 4911 voleS,
1768 4829 1826 4893 si
1869 4826 2002 4912 vis)
2047 4827 2126 4894 Ο.
2159 4830 2346 4893 2201.
2407 4829 2508 4892 del
2542 4847 2649 4912 φη
2689 4825 2900 4913 kyrry,
2942 4827 3043 4890 del
3078 4848 3183 4912 φη
3226 4827 3407 4915 ker-ry
3460 4830 3547 4914 (si

631 4952 733 4995 me
778 4930 982 5013 amas)
1029 4929 1107 4997 Ο.
1156 4930 1296 4994 537.
1345 4931 1542 5009 2218;
1615 4931 1870 5015 saepius
1917 4929 2444 5015 praecedentibus
2488 4927 2805 4995 adverbiis
2848 4939 2919 4993 ut
2956 4951 3095 5012 par,
3138 4928 3349 5013 hepar,
3388 4951 3548 5011 moer,
3651 4955 3652 4960 ¹

633 5054 846 5115 mayn:
890 5053 1012 5116 par
1053 5033 1154 5096 del
1191 5053 1326 5095 won
1371 5031 1569 5114 (sieut
1598 5031 1764 5114 seio)
1809 5028 1883 5094 P.
1916 5031 1975 5112 8,
2014 5035 2065 5096 1.
2118 5031 2309 5116 hepar
2351 5031 2450 5096 del
2489 5053 2604 5110 ves,
2642 5029 2831 5115 hepar
2874 5030 2975 5094 del
3001 5051 3070 5092 ve
3112 5029 3315 5113 (sieut
3353 5029 3548 5114 fuisti,

633 5131 802 5196 sicut
839 5131 988 5213 fuit)
1037 5133 1174 5212 192,
1211 5134 1266 5197 1.
1325 5133 1467 5214 247,
1511 5133 1570 5195 2.
1634 5155 1776 5194 mm·
1816 5154 1957 5195 scon
2003 5133 2102 5196 del
2136 5155 2225 5217 yn
2262 5132 2476 5218 yuylly
2519 5131 2929 5216 (simulatque
2972 5151 3115 5196 eum
3149 5133 3432 5216 videbis)
3474 5131 3545 5196 R.
3651 5219 3652 5222 Ἴ
