3717 5642
2549 355 2583 380 λ

961 421 1078 487 VJ.
1127 425 1180 486 1.
1257 421 1730 487 conss-aufuno
1783 437 1985 486 vnum
2026 437 2395 488 metamor.
2679 421 2817 484 (893.
2844 423 2963 483 894)
3032 419 3157 486 92Ῐ

215 600 580 688 consilium,
632 611 658 670 1
711 605 859 674 Cor.
895 612 950 684 7,
995 609 1130 690 40),
1179 607 1346 670 ὂιὶὶεΙι
1389 607 1596 672 sitibat·
1633 607 1806 692 indm·
1845 606 1961 690 (gl.
2008 607 2221 691 itaque
2268 608 2411 672 dico
2454 609 2697 686 fratres,
2750 631 2807 672 v.
2857 609 2966 684 293
3011 609 3035 672 i
3098 631 3151 671 e.

216 733 368 775 esse
400 733 560 790 eam,
589 733 752 796 *esse
781 733 898 772 vos
931 711 993 772 in
1025 711 1361 791 caelibatu,
1397 710 1594 794 malo)
1633 711 1748 772 10⁵.
1795 707 2225 792 Distinguitur
2256 711 2335 774 ab
2368 709 2488 774 hoc
2518 711 2735 775 dativo
2766 709 3153 794 praecedens

213 833 570 896 pronomen
639 812 1070 898 possessivum
1127 811 1192 872 in
1235 810 1544 896 exemplis
1589 833 1784 896 supra
1827 810 2038 875 allatis
2084 833 2118 874 e
2162 811 2370 876 Oam.:
2426 815 2543 876 iaec
2596 803 2939 876 arndilt'utb
2984 815 3155 874 dunn

211 915 513 984 tuninsin.
587 915 698 976 issi
739 912 914 974 tioudi
956 911 1254 974 worm-ke
1295 913 1485 977 daun.

394 1017 454 1078 3.
529 1013 864 1080 Formulae
905 1011 1300 1098 pronominis
1347 1013 1824 1080 demonstrativi
1872 1015 2063 1094 itt-so,
2110 1015 2305 1077 ι’·η-είπ
2350 1013 2735 1078 includentis
2779 1037 2904 1080 non
2950 1015 3155 1081 solum

211 1116 714 1196 substantivum,
763 1115 878 1180 sed
909 1115 1116 1194 etiam,
1165 1114 1222 1178 si
1251 1135 1380 1178 una
1409 1133 1550 1178 cum
1581 1135 1658 1179 eo
1690 1123 1925 1194 extant,
1972 1113 2288 1180 adiectiva
2320 1115 2422 1180 vel
2452 1117 2821 1196 numeralia,
2868 1117 3157 1194 exempla

221 1207 432 1302 supra
471 1219 720 1303 prolata
762 1227 912 1282 sunt
951 1216 1046 1300 (p.
1079 1215 1254 1298 348).
1328 1213 1438 1279 Fit
1480 1215 1664 1296 idem,
1712 1217 1768 1281 si
1813 1215 2135 1280 adduntur
2178 1216 2341 1281 aliae
2386 1239 2601 1296 voces,
2644 1227 2713 1282 ut
2756 1217 3091 1303 genetivus
3120 1243 3155 1280 υ

213 1319 634 1384 substantivo
679 1317 996 1404 pendens:
1033 1316 1458 1400 sorsacendae
1495 1318 1770 1380 metersin
1817 1317 1933 1400 (gl.
1972 1317 2139 1380 inter
2180 1315 2753 1404 hendecasyllabos
2798 1318 3153 1405 phalecios3

209 1423 252 1486 i.
305 1443 366 1486 e.
429 1419 550 1484 hoc
604 1441 806 1503 genus
861 1416 1076 1501 metri)
1118 1415 1224 1501 Sg.
1269 1419 1350 1482 8·.
1438 1419 1696 1482 amant
1747 1419 2011 1482 aceneloe
2064 1419 2525 1496 fbthaircthesin
2579 1421 2695 1506 (gl.
2760 1421 2839 1486 ad
2895 1421 3157 1486 balneas

211 1521 610 1606 pallaciuas,
663 1519 768 1584 Pr.
839 1523 949 1600 14,
989 1520 1058 1598 3,
1105 1519 1219 1598 243
1277 1519 1318 1582 i.
1379 1541 1436 1584 e.
1491 1541 1638 1584 nam
1704 1519 1842 1584 eius
1908 1518 2234 1584 inventum
2268 1521 2423 1586 hoc
2480 1543 2683 1607 genus
2750 1523 3153 1602 balnearum3

209 1623 575 1708 praemittit
629 1622 946 1707 glossator
1003 1620 1232 1686 latine=
1301 1621 1378 1684 de
1429 1621 1672 1684 nomine
1720 1621 2093 1705 philosophi)
2139 1619 2251 1705 Sg.
2298 1625 2461 1686 217·.
2562 1625 2953 1708 eonyaibetar
3003 1627 3157 1688 inna

207 1727 522 1790 trecheuel
563 1735 794 1786 mart-re
835 1747 898 1786 so
943 1722 1382 1807 (continentur
1425 1721 1588 1788 haec
1639 1724 1764 1789 tria
1805 1745 2043 1808 genera
2085 1723 2399 1808 martyrii)
2430 1721 2607 1789 Cam.

389 1829 454 1890 4.
529 1823 914 1890 Pronomina
953 1823 1412 1908 interrogativa
1467 1845 1724 1910 semper
1777 1825 2197 1910 praecedere,
2242 1824 2615 1910 plerumque
2658 1847 2799 1890 cum
2842 1827 3159 1893 solutione

209 1927 578 1993 sententiae
619 1925 712 2010 (1.
743 1925 842 2007 d),
891 1923 1429 2008 praepositionem
1473 1937 1678 1991 autem
1725 1925 1909 2010 sequi
1954 1947 2097 1990 cum
2128 1924 2413 2005 relativo,
2460 1927 2904 2013 comprobatur
2946 1951 3157 1994 exem-

207 2031 346 2114 plis
392 2051 591 2114 supra
631 2025 1018 2091 enumeratis
1065 2027 1158 2111 (p.
1191 2027 1400 2092 355-
1425 2027 1602 2110 357).

391 2135 454 2196 5.
529 2129 932 2195 Relationem
985 2125 1318 2192 hibernice
1373 2125 1722 2210 significari
1765 2151 1895 2194 non
1942 2130 2149 2194 solum
2190 2129 2591 2214 pronominis
2648 2131 2897 2196 relativi
2940 2131 3159 2197 fonnis

205 2233 538 2298 absolutis
583 2231 684 2295 vel
729 2228 976 2308 infixis,
1025 2227 1138 2294 sed
1185 2229 1372 2292 etiam
1417 2228 1692 2314 propriis
1735 2230 1800 2292 in
1849 2231 2058 2296 activo
2106 2231 2333 2295 saltem
2374 2231 2593 2296 formis
2637 2233 2965 2298 verborum
3014 2233 3159 2298 sim·

203 2333 510 2418 plicium,
561 2341 740 2418 pat‘et
780 2355 858 2397 ex
903 2333 986 2397 iis
1032 2353 1196 2416 quae
1243 2351 1436 2415 supra
1477 2329 1802 2414 disputata
1843 2342 1994 2398 sunt
2034 2333 2173 2420 (pp.
2218 2333 2345 2397 340
2388 2355 2527 2419 sqq.
2574 2335 2697 2396 426
2743 2334 2913 2417 etc).
2988 2333 3161 2396 Gon-

205 2433 548 2501 suetudini
611 2434 996 2512 cambricae,
1056 2454 1182 2518 qua
1249 2453 1364 2516 pro
1420 2431 1678 2496 casibus
1737 2433 2017 2518 obliquis
2062 2433 2309 2498 relativi
2356 2434 2751 2518 pronominis
2793 2435 3051 2520 ponitur
3094 2425 3159 2498 in

205 2542 344 2604 fine
415 2535 770 2602 sententiae
835 2556 1182 2620 pronomen
1249 2532 1592 2620 personale
1658 2533 1950 2598 suffixum
2025 2529 2485 2620 praepositioni
2554 2535 2657 2600 vel
2724 2537 3161 2620 possessivum

205 2651 366 2705 ante
439 2635 910 2702 substantivum
955 2635 1050 2721 (p.
1097 2635 1273 2720 392),
1319 2634 1592 2722 conferri
1621 2647 1897 2720 possunt
1938 2658 2149 2722 pauca
2190 2637 2485 2721 exempla
2512 2637 2855 2716 hibernica,
2902 2648 2971 2702 ut
3000 2659 3163 2723 quae

203 2763 416 2824 supra
478 2740 574 2822 (p.
624 2736 780 2822 340)
823 2737 1166 2802 attulimus.
1259 2735 1504 2804 Contra
1557 2737 1909 2822 praemisso
1964 2739 2225 2804 nomine
2282 2737 2386 2802 vel
2440 2740 2811 2823 pronomine
2860 2739 3162 2804 facillime

203 2841 532 2908 omittitur
574 2849 730 2904 nota
779 2837 1144 2916 relationis,
1189 2847 1320 2902 tum
1365 2838 1474 2904 ubi
1519 2838 1806 2905 subiecto
1851 2839 1955 2904 vel
1998 2840 2250 2907 obiecto
2294 2840 2475 2905 locus
2522 2849 2684 2912 erat,
2728 2848 2859 2904 tum
2901 2841 2967 2905 in
3014 2863 3159 2904 sen-

201 2943 460 3014 tentiae
513 2940 832 3006 solutione
901 2937 1263 3024 emphatica
1323 2938 1416 3022 (l.
1461 2939 1566 3023 d);
1627 2939 1907 3026 legitime
1969 2941 2037 3006 in
2094 2961 2472 3027 quacunque
2540 2941 2855 3006 sententia
2905 2942 3163 3024 negatio

201 3047 378 3110 nack
422 3043 523 3128 (p.
555 3041 710 3124 742)
753 3039 1092 3106 adhibetur
1133 3039 1240 3104 vel
1281 3061 1446 3125 quae
1475 3041 1736 3126 propria
1777 3063 1923 3107 esse
1966 3043 2177 3108 solent
2206 3043 2559 3109 sententiae
2588 3043 2938 3122 absolutae,
2984 3043 3161 3108 verbi

201 3142 612 3214 substantivi
651 3141 856 3208 forma
893 3144 947 3204 ie
991 3151 1058 3206 et
1098 3141 1358 3225 negatio
1399 3143 1486 3204 m‘.

389 3250 454 3312 6.
529 3243 918 3310 Pronomina
957 3242 1325 3328 personalia
1366 3243 1564 3308 infixa
1607 3245 1664 3310 3.
1711 3265 1905 3330 pers,
1947 3255 2389 3333 praeterquam
2436 3248 2603 3332 quod
2660 3246 2911 3312 relativi
2952 3246 3163 3310 locum

201 3357 568 3436 occupant,
613 3346 928 3412 interdum
973 3344 1118 3429 plus
1163 3343 1454 3411 minusve
1501 3367 1981 3431 supervacanea
2004 3347 2317 3412 videntur.
2393 3349 2553 3414 Tum
2596 3348 2763 3414 enim
2792 3348 2877 3412 ad
2908 3345 3164 3433 empha-

199 3455 408 3518 ticam
468 3449 1002 3514 constructionem
1069 3448 1468 3514 efficiendam
1525 3447 1616 3530 (1.
1659 3451 1716 3528 e)
1781 3446 2193 3528 adhibentur,
2256 3459 2385 3514 tum
2442 3451 2643 3516 forma
2692 3452 2735 3514 d
2798 3449 3165 3535 adiungitur

197 3551 790 3621 coniunctionibus
830 3571 936 3614 ma
981 3559 1046 3614 et
1087 3571 1152 3614 ce
1191 3549 1382 3614 modo
1427 3549 1590 3636 ipsis
1633 3549 1812 3614 verbi
1859 3549 2241 3615 substantivi
2286 3551 2445 3633 loco,
2492 3552 2679 3617 modo
2708 3574 2825 3638 per
2868 3552 3163 3638 pleonas-

197 3679 382 3722 mum
431 3662 584 3740 post
623 3652 974 3737 particulas
1019 3655 1106 3732 ni,
1151 3675 1262 3732 nu,
1309 3673 1422 3730 νας
1469 3648 1760 3734 exempla
1802 3649 1931 3716 vid.
1981 3673 2175 3737 supra
2217 3651 2355 3738 (pp.
2406 3656 2549 3717 705.
2584 3655 2707 3718 710
2737 3655 2885 3740 sq.).

1155 3822 1215 3886 3.
1287 3819 1614 3888 Verbum
1669 3829 2227 3886 constructum.

389 3985 456 4024 α.
503 3958 864 4045 Praecipua
905 3956 1083 4022 verbi
1127 3969 1256 4022 tam
1295 3955 1608 4022 hibernici
1653 3977 1846 4040 quam
1892 3954 2232 4019 britannici
2276 3957 2635 4043 proprietas
2680 3966 2782 4022 est
2820 3958 2959 4023 eius
3010 3979 3163 4022 con-

193 4063 489 4132 structio
531 4059 1000 4145 impersonalis,
1053 4079 1171 4144 per
1225 4077 1416 4142 quam
1459 4056 1600 4122 sola
1640 4055 1868 4122 tertiae
1926 4077 2239 4142 personae
2280 4059 2523 4124 numeri
2570 4059 2915 4142 singularis
2966 4059 3167 4123 forma

193 4167 502 4255 ponitur,
543 4161 624 4226 ad
665 4181 1109 4246 quamcunque
1156 4179 1492 4243 personam
1535 4157 1783 4223 numeri
1815 4157 2157 4242 singularis
2200 4157 2302 4222 vel
2332 4157 2597 4243 pluralis
2625 4161 2917 4244 pertinet.
2994 4157 3167 4225 Con·-

194 4273 550 4336 struuntm·
591 4263 716 4327 hoc
757 4261 942 4327 modo
987 4261 1164 4326 verbi
1205 4260 1594 4324 substantivi
1621 4259 1860 4326 formae
1904 4264 1977 4339 is,
2018 4281 2107 4339 as,
2154 4257 2265 4322 bid
2293 4271 2433 4342 etc.,
2480 4263 2853 4345 praesertim
2898 4283 3041 4326 cum
3084 4261 3165 4324 ob

195 4365 560 4454 emphasin
591 4365 866 4452 simplex
895 4363 1218 4430 sententia
1243 4363 1586 4428 resolvitur
1627 4362 1698 4427 in
1727 4362 2045 4448 duplicem
2077 4362 2171 4446 (p.
2216 4360 2394 4445 912),
2439 4363 2633 4449 idque
2662 4385 2801 4428 cum
2847 4361 3167 4450 pronomi-

193 4475 408 4538 nibus
475 4467 817 4547 absolutis,
884 4487 1032 4531 cum
1084 4465 1213 4530 alia
1268 4467 1468 4530 verba
1521 4465 1808 4531 adhibita
1860 4465 1981 4529 hac
2031 4465 2505 4530 constructione
2558 4466 2887 4551 postulent
2948 4465 3165 4528 infixa.

197 4575 300 4641 Ut
349 4575 420 4638 in
469 4571 576 4635 his
623 4569 961 4654 exemplis:
1005 4569 1158 4631 αἐηιέ
1198 4568 1474 4652 asaymtal
1494 4569 1694 4652 qeinte
1738 4564 1851 4651 (gl.
1886 4589 2005 4652 ego
2038 4589 2179 4632 sum
2208 4566 2487 4648 gentium
2520 4566 2879 4654 apostolus)
2903 4564 3052 4632 Wb.
3085 4564 3165 4628 5⁶.

195 4675 390 4738 asme'
423 4673 682 4734 mdinur
725 4667 1091 4736 arw'droclwll
1133 4666 1251 4753 (gl.
1297 4681 1549 4754 egomet
1591 4669 1802 4753 rapui,
1849 4666 2278 4751 intellegimus
2324 4689 2445 4751 ego
2488 4678 2553 4732 et
2594 4691 2721 4732 non
2767 4667 2963 4747 alius;
3022 4668 3061 4730 i.
3110 4689 3164 4730 e.

195 4775 390 4864 quod
421 4794 547 4859 ego
581 4771 758 4838 solus
786 4771 850 4835 id
883 4769 1097 4854 rapui)
1130 4769 1240 4854 Sg.
1276 4774 1436 4836 202⁸.
1513 4783 1686 4834 ται-στι
1717 4769 1879 4832 m'me'
1908 4768 2083 4830 asbeo
2114 4773 2177 4831 ,εἰ
2208 4771 2392 4832 ἰἐαι“ἰ·ι“
2432 4789 2535 4831 am
2578 4769 2751 4832 beosa
2778 4769 3005 4832 icolinn
3036 4791 3168 4830 am-

194 4879 392 4942 be'om
436 4875 661 4958 (nego,
703 4895 830 4936 non
871 4893 990 4955 ego
1037 4871 1216 4952 viv0,
1263 4872 1328 4936 id
1373 4885 1470 4938 est
1515 4881 1854 4958 propterea
1899 4869 2065 4948 viv0,
2112 4870 2180 4933 in
2224 4889 2417 4934 carne
2461 4867 2608 4934 vivo
2654 4870 2806 4954 ego)
2855 4869 3164 4936 Wb.·19·.

197 4976 472 5044 omani
509 4987 624 5040 ata
665 4975 816 5058 (nos
860 4995 1077 5038 sumus
1115 5025 1122 5034 .
1157 4999 1204 5052 ,3
1251 4973 1330 5037 cf.
1375 4996 1438 5061 p.
1483 4974 1639 5059 325)
1679 4975 1790 5038 10⁴¹.
1868 4995 1988 5036 ane.
2038 4971 2144 5035 bid
2190 4993 2279 5033 me
2304 4971 2453 5054 fest'n
2496 4970 2802 5034 notlmhed
2832 4983 3011 5034 ouem
3051 4971 3167 5056 (gl.

195 5079 480 5164 suscipe
528 5076 708 5141 illum
765 5077 932 5140 sicut
975 5098 1105 5154 me3
1163 5074 1203 5138 i.
1261 5099 1314 5140 e.
1375 5077 1509 5140 acsi
1567 5098 1686 5159 ego
1742 5077 1885 5161 ipse
1944 5071 2229 5137 venerim
2274 5071 2355 5136 ad
2398 5073 2495 5156 te)
2545 5073 2666 5137 32⁸.
2740 5073 2996 5136 combad
3035 5075 3174 5136 sissi

193 5181 492 5250 dobeo-ad
533 5179 668 5243 teiet
707 5177 909 5242 dimsa
961 5176 1065 5270 (ut
1116 5197 1234 5241 vos
1291 5175 1526 5243 daretis
1581 5175 2017 5244 testimonium
2077 5175 2155 5240 de
2199 5175 2335 5255 me)
2384 5177 2501 5238 18·.
2585 5173 2821 5240 Verum
2870 5175 3055 5240 etiam
3102 5173 3167 5237 in
