<?xml version="1.0" encoding="UTF-8"?>
<!DOCTYPE html PUBLIC "-//W3C//DTD XHTML 1.0 Transitional//EN"
    "http://www.w3.org/TR/xhtml1/DTD/xhtml1-transitional.dtd">
<html xmlns="http://www.w3.org/1999/xhtml" xml:lang="en" lang="en">
 <head>
  <title>
</title>
<meta http-equiv="Content-Type" content="text/html;charset=utf-8" />
  <meta name='ocr-system' content='tesseract 3.04.00' />
  <meta name='ocr-capabilities' content='ocr_page ocr_carea ocr_par ocr_line ocrx_word'/>
</head>
<body>
  <div class='ocr_page' id='page_1' title='image "./grammaticacelti01ebelgoog_0624.png"; bbox 0 0 3717 5642; ppageno 0'>
   <div class='ocr_carea' id='block_1_1' title="bbox 584 310 2874 375">
    <p class='ocr_par' dir='ltr' id='par_1_1' title="bbox 584 310 2874 375">
     <span class='ocr_line' id='line_1_1' title="bbox 584 310 2874 375; baseline -0 -1"><span class='ocrx_word' id='word_1_1' title='bbox 584 310 746 375; x_wconf 81' lang='lat'>1046</span> <span class='ocrx_word' id='word_1_2' title='bbox 810 311 987 373; x_wconf 79' lang='lat'>(1068·</span> <span class='ocrx_word' id='word_1_3' title='bbox 1015 311 1170 373; x_wconf 76' lang='lat'>1069)</span> <span class='ocrx_word' id='word_1_4' title='bbox 1241 325 1606 373; x_wconf 64' lang='lat' dir='ltr'><strong>ffrnnmx.</strong></span> <span class='ocrx_word' id='word_1_5' title='bbox 1677 324 2013 375; x_wconf 68' lang='lat' dir='ltr'><strong>annonam</strong></span> <span class='ocrx_word' id='word_1_6' title='bbox 2055 325 2323 375; x_wconf 76' lang='lat' dir='ltr'><strong>comere</strong></span> <span class='ocrx_word' id='word_1_7' title='bbox 2362 316 2718 375; x_wconf 64' lang='lat' dir='ltr'><strong>mensuum</strong></span> <span class='ocrx_word' id='word_1_8' title='bbox 2758 326 2874 373; x_wconf 72' lang='lat' dir='ltr'><strong>un.</strong></span> 
     </span>
    </p>
   </div>
   <div class='ocr_carea' id='block_1_2' title="bbox 577 491 3519 3727">
    <p class='ocr_par' dir='ltr' id='par_1_2' title="bbox 577 491 3501 985">
     <span class='ocr_line' id='line_1_2' title="bbox 585 491 3495 583; baseline -0 -23"><span class='ocrx_word' id='word_1_9' title='bbox 585 494 758 561; x_wconf 87' lang='lat' dir='ltr'><strong>nium</strong></span> <span class='ocrx_word' id='word_1_10' title='bbox 775 516 1035 583; x_wconf 52' lang='lat' dir='ltr'><strong>,sensus</strong></span> <span class='ocrx_word' id='word_1_11' title='bbox 1079 494 1436 579; x_wconf 82' lang='lat' dir='ltr'><strong>adtingere,</strong></span> <span class='ocrx_word' id='word_1_12' title='bbox 1495 502 1567 558; x_wconf 87' lang='lat' dir='ltr'><strong>ut</strong></span> <span class='ocrx_word' id='word_1_13' title='bbox 1607 492 1863 580; x_wconf 77' lang='lat' dir='ltr'><strong>possint</strong></span> <span class='ocrx_word' id='word_1_14' title='bbox 1902 492 2165 561; x_wconf 83' lang='lat' dir='ltr'><strong>lecturis</strong></span> <span class='ocrx_word' id='word_1_15' title='bbox 2212 493 2637 580; x_wconf 76' lang='lat' dir='ltr'><strong>expositionis</strong></span> <span class='ocrx_word' id='word_1_16' title='bbox 2686 491 2897 579; x_wconf 86' lang='lat' dir='ltr'><strong>prima</strong></span> <span class='ocrx_word' id='word_1_17' title='bbox 2948 492 3115 559; x_wconf 79' lang='lat' dir='ltr'><strong>facie</strong></span> <span class='ocrx_word' id='word_1_18' title='bbox 3166 491 3495 571; x_wconf 54' lang='grc' dir='ltr'><strong>κῶπαι-6,*</strong></span> 
     </span>
     <span class='ocr_line' id='line_1_3' title="bbox 577 592 3499 682; baseline -0 -24"><span class='ocrx_word' id='word_1_19' title='bbox 577 593 708 659; x_wconf 89' lang='lat' dir='ltr'><strong>illis</strong></span> <span class='ocrx_word' id='word_1_20' title='bbox 759 594 1229 682; x_wconf 81' lang='lat' dir='ltr'><strong>relinquentes⁸</strong></span> <span class='ocrx_word' id='word_1_21' title='bbox 1291 594 1698 661; x_wconf 82' lang='lat' dir='ltr'><strong>occasiones⁹</strong></span> <span class='ocrx_word' id='word_1_22' title='bbox 1761 595 2020 663; x_wconf 87' lang='lat' dir='ltr'><strong>maioris</strong></span> <span class='ocrx_word' id='word_1_23' title='bbox 2078 596 2555 681; x_wconf 83' lang='lat' dir='ltr'><strong>intellegentiae</strong></span> <span class='ocrx_word' id='word_1_24' title='bbox 2570 645 2587 676; x_wconf 91' lang='lat'><strong>,</strong></span> <span class='ocrx_word' id='word_1_25' title='bbox 2646 595 2703 659; x_wconf 88' lang='lat' dir='ltr'><strong>si</strong></span> <span class='ocrx_word' id='word_1_26' title='bbox 2756 594 3077 661; x_wconf 81' lang='lat' dir='ltr'><strong>voluerint</strong></span> <span class='ocrx_word' id='word_1_27' title='bbox 3128 592 3345 678; x_wconf 83' lang='lat' dir='ltr'><strong>aliqua</strong></span> <span class='ocrx_word' id='word_1_28' title='bbox 3398 594 3499 657; x_wconf 81' lang='lat' dir='ltr'><strong>ad·</strong></span> 
     </span>
     <span class='ocr_line' id='line_1_4' title="bbox 586 694 3499 783; baseline 0 -25"><span class='ocrx_word' id='word_1_29' title='bbox 586 694 834 777; x_wconf 79' lang='lat' dir='ltr'><strong>dere,¹&#39;⁰</strong></span> <span class='ocrx_word' id='word_1_30' title='bbox 886 718 1050 781; x_wconf 85' lang='lat' dir='ltr'><strong>quae</strong></span> <span class='ocrx_word' id='word_1_31' title='bbox 1091 706 1308 763; x_wconf 84' lang='lat' dir='ltr'><strong>tamen</strong></span> <span class='ocrx_word' id='word_1_32' title='bbox 1349 719 1390 761; x_wconf 89' lang='lat' dir='ltr'><strong>a</strong></span> <span class='ocrx_word' id='word_1_33' title='bbox 1416 696 1770 782; x_wconf 88' lang='lat' dir='ltr'><strong>praemissa</strong></span> <span class='ocrx_word' id='word_1_34' title='bbox 1808 697 2334 783; x_wconf 73' lang='lat' dir='ltr'><strong>interpretatione</strong></span> <span class='ocrx_word' id='word_1_35' title='bbox 2376 720 2506 763; x_wconf 89' lang='lat' dir='ltr'><strong>non</strong></span> <span class='ocrx_word' id='word_1_36' title='bbox 2550 696 2935 783; x_wconf 71' lang='lat' dir='ltr'><strong>discrepent.</strong></span> <span class='ocrx_word' id='word_1_37' title='bbox 3003 696 3136 760; x_wconf 77' lang='lat' dir='ltr'><strong>ista</strong></span> <span class='ocrx_word' id='word_1_38' title='bbox 3178 694 3349 759; x_wconf 87' lang='lat' dir='ltr'><strong>enim</strong></span> <span class='ocrx_word' id='word_1_39' title='bbox 3376 696 3499 759; x_wconf 75' lang='lat' dir='ltr'><strong>veri</strong></span> 
     </span>
     <span class='ocr_line' id='line_1_5' title="bbox 581 796 3501 885; baseline 0 -25"><span class='ocrx_word' id='word_1_40' title='bbox 581 804 682 861; x_wconf 91' lang='lat' dir='ltr'><strong>est</strong></span> <span class='ocrx_word' id='word_1_41' title='bbox 733 796 1096 867; x_wconf 84' lang='lat' dir='ltr'><strong>intellectus</strong></span> <span class='ocrx_word' id='word_1_42' title='bbox 1151 798 1488 885; x_wconf 80' lang='lat' dir='ltr'><strong>perfectio,</strong></span> <span class='ocrx_word' id='word_1_43' title='bbox 1509 808 1536 836; x_wconf 77' lang='lat'>⁸</span> <span class='ocrx_word' id='word_1_44' title='bbox 1582 806 1654 865; x_wconf 79' lang='lat' dir='ltr'><strong>ut</strong></span> <span class='ocrx_word' id='word_1_45' title='bbox 1695 798 2085 863; x_wconf 70' lang='lat' dir='ltr'><strong>secundumb</strong></span> <span class='ocrx_word' id='word_1_46' title='bbox 2140 798 2442 864; x_wconf 81' lang='lat' dir='ltr'><strong>historiae</strong></span> <span class='ocrx_word' id='word_1_47' title='bbox 2498 798 2691 863; x_wconf 84' lang='lat' dir='ltr'><strong>fidem</strong></span> <span class='ocrx_word' id='word_1_48' title='bbox 2742 806 3031 861; x_wconf 88' lang='lat' dir='ltr'><strong>tenorem</strong></span> <span class='ocrx_word' id='word_1_49' title='bbox 3090 796 3501 881; x_wconf 65' lang='lat' dir='ltr'><strong>expositionis</strong></span> 
     </span>
     <span class='ocr_line' id='line_1_6' title="bbox 581 897 2889 985; baseline 0.001 -24"><span class='ocrx_word' id='word_1_50' title='bbox 581 905 869 983; x_wconf 88' lang='lat' dir='ltr'><strong>aptemus</strong></span> <span class='ocrx_word' id='word_1_51' title='bbox 913 909 980 974; x_wconf 67' lang='lat' dir='ltr'><strong>et</strong></span> <span class='ocrx_word' id='word_1_52' title='bbox 1019 899 1508 966; x_wconf 82' lang='lat' dir='ltr'><strong>concinnenter¹</strong></span> <span class='ocrx_word' id='word_1_53' title='bbox 1524 905 1547 944; x_wconf 83' lang='lat'>¹</span> <span class='ocrx_word' id='word_1_54' title='bbox 1601 922 1696 983; x_wconf 86' lang='lat' dir='ltr'><strong>ea,</strong></span> <span class='ocrx_word' id='word_1_55' title='bbox 1741 920 1906 984; x_wconf 86' lang='lat' dir='ltr'><strong>quae</strong></span> <span class='ocrx_word' id='word_1_56' title='bbox 1948 898 2222 965; x_wconf 84' lang='lat' dir='ltr'><strong>dicenda</strong></span> <span class='ocrx_word' id='word_1_57' title='bbox 2264 908 2430 980; x_wconf 89' lang='lat' dir='ltr'><strong>sunt,</strong></span> <span class='ocrx_word' id='word_1_58' title='bbox 2474 897 2889 985; x_wconf 87' lang='lat' dir='ltr'><strong>proferamus.</strong></span> 
     </span>
    </p>

    <p class='ocr_par' dir='ltr' id='par_1_3' title="bbox 583 997 3519 3727">
     <span class='ocr_line' id='line_1_7' title="bbox 749 997 3495 1087; baseline -0 -24"><span class='ocrx_word' id='word_1_59' title='bbox 749 997 990 1067; x_wconf 79' lang='lat' dir='ltr'><strong>Beatus</strong></span> <span class='ocrx_word' id='word_1_60' title='bbox 1044 1000 1144 1071; x_wconf 77' lang='lat' dir='ltr'><strong>vir</strong></span> <span class='ocrx_word' id='word_1_61' title='bbox 1196 1002 1308 1087; x_wconf 65' lang='lat' dir='ltr'><strong>&gt;qui</strong></span> <span class='ocrx_word' id='word_1_62' title='bbox 1360 1024 1492 1068; x_wconf 87' lang='lat' dir='ltr'><strong>non</strong></span> <span class='ocrx_word' id='word_1_63' title='bbox 1547 1001 1706 1067; x_wconf 88' lang='lat' dir='ltr'><strong>abiit</strong></span> <span class='ocrx_word' id='word_1_64' title='bbox 1757 1000 1828 1067; x_wconf 90' lang='lat' dir='ltr'><strong>in</strong></span> <span class='ocrx_word' id='word_1_65' title='bbox 1884 1001 2155 1067; x_wconf 89' lang='lat' dir='ltr'><strong>consilio</strong></span> <span class='ocrx_word' id='word_1_66' title='bbox 2210 999 2551 1087; x_wconf 89' lang='lat' dir='ltr'><strong>impiorum</strong></span> <span class='ocrx_word' id='word_1_67' title='bbox 2568 1050 2585 1079; x_wconf 91' lang='lat'>‚</span> <span class='ocrx_word' id='word_1_68' title='bbox 2652 1022 2859 1085; x_wconf 87' lang='lat' dir='ltr'><strong>usque</strong></span> <span class='ocrx_word' id='word_1_69' title='bbox 2912 998 3099 1065; x_wconf 88' lang='lat' dir='ltr'><strong>sedit.</strong></span> <span class='ocrx_word' id='word_1_70' title='bbox 3190 998 3495 1066; x_wconf 82' lang='lat' dir='ltr'><strong>Interdum</strong></span> 
     </span>
     <span class='ocr_line' id='line_1_8' title="bbox 586 1101 3501 1189; baseline -0 -23"><span class='ocrx_word' id='word_1_71' title='bbox 586 1101 900 1185; x_wconf 87' lang='lat' dir='ltr'><strong>scriptura</strong></span> <span class='ocrx_word' id='word_1_72' title='bbox 943 1101 1164 1167; x_wconf 78' lang='lat' dir='ltr'><strong>divina</strong></span> <span class='ocrx_word' id='word_1_73' title='bbox 1205 1102 1372 1167; x_wconf 88' lang='lat' dir='ltr'><strong>inter</strong></span> <span class='ocrx_word' id='word_1_74' title='bbox 1410 1102 1674 1189; x_wconf 85' lang='lat' dir='ltr'><strong>impium</strong></span> <span class='ocrx_word' id='word_1_75' title='bbox 1717 1110 1781 1165; x_wconf 90' lang='lat' dir='ltr'><strong>et</strong></span> <span class='ocrx_word' id='word_1_76' title='bbox 1821 1112 2226 1187; x_wconf 82' lang='lat' dir='ltr'><strong>peccatorem</strong></span> <span class='ocrx_word' id='word_1_77' title='bbox 2267 1101 2422 1169; x_wconf 84' lang='lat' dir='ltr'><strong>facit</strong></span> <span class='ocrx_word' id='word_1_78' title='bbox 2464 1101 2913 1182; x_wconf 83' lang='lat' dir='ltr'><strong>differentiam,</strong></span> <span class='ocrx_word' id='word_1_79' title='bbox 2957 1101 3227 1188; x_wconf 86' lang='lat' dir='ltr'><strong>impium</strong></span> <span class='ocrx_word' id='word_1_80' title='bbox 3271 1122 3501 1166; x_wconf 77' lang='lat' dir='ltr'><strong>vocans</strong></span> 
     </span>
     <span class='ocr_line' id='line_1_9' title="bbox 587 1200 3501 1290; baseline 0.001 -25"><span class='ocrx_word' id='word_1_81' title='bbox 587 1200 691 1266; x_wconf 90' lang='lat' dir='ltr'><strong>dei</strong></span> <span class='ocrx_word' id='word_1_82' title='bbox 747 1201 884 1265; x_wconf 81' lang='lat' dir='ltr'><strong>veri</strong></span> <span class='ocrx_word' id='word_1_83' title='bbox 925 1203 1218 1269; x_wconf 90' lang='lat' dir='ltr'><strong>notitiam</strong></span> <span class='ocrx_word' id='word_1_84' title='bbox 1269 1226 1400 1271; x_wconf 91' lang='lat' dir='ltr'><strong>non</strong></span> <span class='ocrx_word' id='word_1_85' title='bbox 1437 1204 1776 1272; x_wconf 82' lang='lat' dir='ltr'><strong>habentem</strong></span> <span class='ocrx_word' id='word_1_86' title='bbox 1789 1253 1806 1285; x_wconf 92' lang='lat'><strong>,</strong></span> <span class='ocrx_word' id='word_1_87' title='bbox 1861 1213 2261 1289; x_wconf 88' lang='lat' dir='ltr'><strong>peccatorem</strong></span> <span class='ocrx_word' id='word_1_88' title='bbox 2314 1226 2466 1267; x_wconf 84' lang='lat' dir='ltr'><strong>vero</strong></span> <span class='ocrx_word' id='word_1_89' title='bbox 2519 1201 2775 1269; x_wconf 83' lang='lat' dir='ltr'><strong>honesti</strong></span> <span class='ocrx_word' id='word_1_90' title='bbox 2830 1202 3113 1290; x_wconf 84' lang='lat' dir='ltr'><strong>iustique</strong></span> <span class='ocrx_word' id='word_1_91' title='bbox 3130 1213 3156 1242; x_wconf 79' lang='lat'><em>⁶</em></span> <span class='ocrx_word' id='word_1_92' title='bbox 3202 1203 3501 1269; x_wconf 60' lang='lat' dir='ltr'><strong>&amp;amitam</strong></span> 
     </span>
     <span class='ocr_line' id='line_1_10' title="bbox 583 1301 3504 1389; baseline 0.001 -23"><span class='ocrx_word' id='word_1_93' title='bbox 583 1323 716 1367; x_wconf 89' lang='lat' dir='ltr'><strong>non</strong></span> <span class='ocrx_word' id='word_1_94' title='bbox 756 1311 1096 1371; x_wconf 86' lang='lat' dir='ltr'><strong>tenentem.</strong></span> <span class='ocrx_word' id='word_1_95' title='bbox 1185 1301 1426 1371; x_wconf 86' lang='lat' dir='ltr'><strong>Tamen</strong></span> <span class='ocrx_word' id='word_1_96' title='bbox 1471 1315 1570 1371; x_wconf 89' lang='lat' dir='ltr'><strong>est</strong></span> <span class='ocrx_word' id='word_1_97' title='bbox 1625 1304 1737 1371; x_wconf 87' lang='lat' dir='ltr'><strong>ubi</strong></span> <span class='ocrx_word' id='word_1_98' title='bbox 1781 1306 2098 1376; x_wconf 79' lang='lat' dir='ltr'><strong>communi</strong></span> <span class='ocrx_word' id='word_1_99' title='bbox 2153 1304 2497 1371; x_wconf 78' lang='lat' dir='ltr'><strong>vocabulo¹</strong></span> <span class='ocrx_word' id='word_1_100' title='bbox 2520 1307 2544 1347; x_wconf 76' lang='lat'>²</span> <span class='ocrx_word' id='word_1_101' title='bbox 2594 1313 2935 1389; x_wconf 84' lang='lat' dir='ltr'><strong>utrumque</strong></span> <span class='ocrx_word' id='word_1_102' title='bbox 2992 1303 3334 1389; x_wconf 79' lang='lat' dir='ltr'><strong>significat.</strong></span> <span class='ocrx_word' id='word_1_103' title='bbox 3434 1303 3504 1369; x_wconf 85' lang='lat' dir='ltr'><strong>In</strong></span> 
     </span>
     <span class='ocr_line' id='line_1_11' title="bbox 584 1404 3493 1493; baseline 0 -22"><span class='ocrx_word' id='word_1_104' title='bbox 584 1405 908 1493; x_wconf 75' lang='lat' dir='ltr'><strong>praesenti</strong></span> <span class='ocrx_word' id='word_1_105' title='bbox 949 1404 1195 1492; x_wconf 85' lang='lat' dir='ltr'><strong>psalmo</strong></span> <span class='ocrx_word' id='word_1_106' title='bbox 1239 1414 1451 1473; x_wconf 86' lang='lat' dir='ltr'><strong>tamen</strong></span> <span class='ocrx_word' id='word_1_107' title='bbox 1493 1406 1746 1471; x_wconf 81' lang='lat' dir='ltr'><strong>videtur</strong></span> <span class='ocrx_word' id='word_1_108' title='bbox 1787 1404 1999 1473; x_wconf 84' lang='lat' dir='ltr'><strong>facere</strong></span> <span class='ocrx_word' id='word_1_109' title='bbox 2038 1406 2570 1488; x_wconf 56' lang='lat' dir='ltr'><strong>distinctionem,²¹</strong></span> <span class='ocrx_word' id='word_1_110' title='bbox 2588 1408 2621 1449; x_wconf 55' lang='grc' dir='ltr'><strong>θ’</strong></span> <span class='ocrx_word' id='word_1_111' title='bbox 2666 1406 2969 1491; x_wconf 82' lang='lat' dir='ltr'><strong>quoniam</strong></span> <span class='ocrx_word' id='word_1_112' title='bbox 2994 1404 3151 1486; x_wconf 72' lang='lat' dir='ltr'><strong>vult,</strong></span> <span class='ocrx_word' id='word_1_113' title='bbox 3198 1406 3309 1493; x_wconf 86' lang='lat' dir='ltr'><strong>qui</strong></span> <span class='ocrx_word' id='word_1_114' title='bbox 3350 1407 3493 1473; x_wconf 84' lang='lat' dir='ltr'><strong>sit¹⁴</strong></span> 
     </span>
     <span class='ocr_line' id='line_1_12' title="bbox 586 1506 3503 1596; baseline -0.001 -21"><span class='ocrx_word' id='word_1_115' title='bbox 586 1520 791 1575; x_wconf 87' lang='lat' dir='ltr'><strong>status</strong></span> <span class='ocrx_word' id='word_1_116' title='bbox 810 1508 840 1547; x_wconf 74' lang='lat'><strong>⁴²</strong></span> <span class='ocrx_word' id='word_1_117' title='bbox 892 1506 1329 1594; x_wconf 86' lang='lat' dir='ltr'><strong>perfectionis,</strong></span> <span class='ocrx_word' id='word_1_118' title='bbox 1385 1508 1766 1594; x_wconf 85' lang='lat' dir='ltr'><strong>exprimere,</strong></span> <span class='ocrx_word' id='word_1_119' title='bbox 1825 1507 1929 1573; x_wconf 89' lang='lat' dir='ltr'><strong>cui</strong></span> <span class='ocrx_word' id='word_1_120' title='bbox 1985 1509 2172 1575; x_wconf 86' lang='lat' dir='ltr'><strong>etiam</strong></span> <span class='ocrx_word' id='word_1_121' title='bbox 2228 1507 2687 1574; x_wconf 80' lang='lat' dir='ltr'><strong>beatitudinem</strong></span> <span class='ocrx_word' id='word_1_122' title='bbox 2740 1506 2975 1573; x_wconf 85' lang='lat' dir='ltr'><strong>credit¹</strong></span> <span class='ocrx_word' id='word_1_123' title='bbox 2993 1510 3017 1549; x_wconf 81' lang='lat'>⁵</span> <span class='ocrx_word' id='word_1_124' title='bbox 3083 1508 3209 1575; x_wconf 85' lang='lat' dir='ltr'><strong>rite</strong></span> <span class='ocrx_word' id='word_1_125' title='bbox 3262 1530 3503 1596; x_wconf 86' lang='lat' dir='ltr'><strong>compe-</strong></span> 
     </span>
     <span class='ocr_line' id='line_1_13' title="bbox 586 1608 3507 1697; baseline -0 -23"><span class='ocrx_word' id='word_1_126' title='bbox 586 1615 785 1691; x_wconf 89' lang='lat' dir='ltr'><strong>tere,¹</strong></span> <span class='ocrx_word' id='word_1_127' title='bbox 807 1613 831 1652; x_wconf 79' lang='lat'><strong>⁶</strong></span> <span class='ocrx_word' id='word_1_128' title='bbox 883 1610 988 1677; x_wconf 82' lang='lat' dir='ltr'><strong>vel</strong></span> <span class='ocrx_word' id='word_1_129' title='bbox 1029 1620 1290 1697; x_wconf 85' lang='lat' dir='ltr'><strong>propter</strong></span> <span class='ocrx_word' id='word_1_130' title='bbox 1329 1610 1674 1697; x_wconf 76' lang='lat' dir='ltr'><strong>perfectam</strong></span> <span class='ocrx_word' id='word_1_131' title='bbox 1719 1610 1800 1677; x_wconf 87' lang='lat' dir='ltr'><strong>de</strong></span> <span class='ocrx_word' id='word_1_132' title='bbox 1843 1609 2079 1675; x_wconf 83' lang='lat' dir='ltr'><strong>deitate</strong></span> <span class='ocrx_word' id='word_1_133' title='bbox 2123 1609 2411 1675; x_wconf 85' lang='lat' dir='ltr'><strong>notitiam</strong></span> <span class='ocrx_word' id='word_1_134' title='bbox 2463 1610 2569 1675; x_wconf 78' lang='lat' dir='ltr'><strong>vel</strong></span> <span class='ocrx_word' id='word_1_135' title='bbox 2612 1620 2871 1696; x_wconf 84' lang='lat' dir='ltr'><strong>propter</strong></span> <span class='ocrx_word' id='word_1_136' title='bbox 2914 1608 3130 1675; x_wconf 86' lang='lat' dir='ltr'><strong>studia</strong></span> <span class='ocrx_word' id='word_1_137' title='bbox 3171 1610 3349 1675; x_wconf 76' lang='lat' dir='ltr'><strong>vitae</strong></span> <span class='ocrx_word' id='word_1_138' title='bbox 3392 1633 3507 1674; x_wconf 85' lang='lat' dir='ltr'><strong>me-</strong></span> 
     </span>
     <span class='ocr_line' id='line_1_14' title="bbox 590 1710 3503 1799; baseline 0 -22"><span class='ocrx_word' id='word_1_139' title='bbox 590 1711 788 1777; x_wconf 86' lang='lat' dir='ltr'><strong>lioris.</strong></span> <span class='ocrx_word' id='word_1_140' title='bbox 877 1710 1069 1793; x_wconf 81' lang='lat' dir='ltr'><strong>Quod</strong></span> <span class='ocrx_word' id='word_1_141' title='bbox 1115 1734 1265 1777; x_wconf 84' lang='lat' dir='ltr'><strong>vero</strong></span> <span class='ocrx_word' id='word_1_142' title='bbox 1310 1712 1416 1793; x_wconf 74' lang='lat' dir='ltr'><strong>ait,</strong></span> <span class='ocrx_word' id='word_1_143' title='bbox 1461 1734 1592 1778; x_wconf 87' lang='lat' dir='ltr'><strong>non</strong></span> <span class='ocrx_word' id='word_1_144' title='bbox 1635 1711 1812 1794; x_wconf 74' lang='lat' dir='ltr'><strong>abiit,</strong></span> <span class='ocrx_word' id='word_1_145' title='bbox 1855 1733 1985 1775; x_wconf 89' lang='lat' dir='ltr'><strong>non</strong></span> <span class='ocrx_word' id='word_1_146' title='bbox 2034 1712 2227 1793; x_wconf 90' lang='lat' dir='ltr'><strong>stetit,</strong></span> <span class='ocrx_word' id='word_1_147' title='bbox 2272 1733 2406 1776; x_wconf 90' lang='lat' dir='ltr'><strong>non</strong></span> <span class='ocrx_word' id='word_1_148' title='bbox 2434 1710 2620 1792; x_wconf 89' lang='lat' dir='ltr'><strong>sedit,</strong></span> <span class='ocrx_word' id='word_1_149' title='bbox 2670 1711 2917 1777; x_wconf 87' lang='lat' dir='ltr'><strong>animae</strong></span> <span class='ocrx_word' id='word_1_150' title='bbox 2962 1722 3173 1779; x_wconf 81' lang='lat' dir='ltr'><strong>motus</strong></span> <span class='ocrx_word' id='word_1_151' title='bbox 3216 1734 3503 1799; x_wconf 65' lang='lat' dir='ltr'><strong>corporae</strong></span> 
     </span>
     <span class='ocr_line' id='line_1_15' title="bbox 587 1810 3507 1901; baseline 0.001 -25"><span class='ocrx_word' id='word_1_152' title='bbox 587 1812 756 1877; x_wconf 91' lang='lat' dir='ltr'><strong>libus</strong></span> <span class='ocrx_word' id='word_1_153' title='bbox 801 1811 1013 1896; x_wconf 81' lang='lat' dir='ltr'><strong>signat</strong></span> <span class='ocrx_word' id='word_1_154' title='bbox 1051 1813 1368 1879; x_wconf 83' lang='lat' dir='ltr'><strong>indiciis.1</strong></span> <span class='ocrx_word' id='word_1_155' title='bbox 1441 1810 1781 1894; x_wconf 80' lang='lat' dir='ltr'><strong>Quoniam,</strong></span> <span class='ocrx_word' id='word_1_156' title='bbox 1828 1835 1973 1879; x_wconf 89' lang='lat' dir='ltr'><strong>cum</strong></span> <span class='ocrx_word' id='word_1_157' title='bbox 2002 1812 2261 1901; x_wconf 87' lang='lat' dir='ltr'><strong>aliquod</strong></span> <span class='ocrx_word' id='word_1_158' title='bbox 2306 1812 2595 1877; x_wconf 84' lang='lat' dir='ltr'><strong>molimur</strong></span> <span class='ocrx_word' id='word_1_159' title='bbox 2624 1810 2895 1893; x_wconf 85' lang='lat' dir='ltr'><strong>efficere,</strong></span> <span class='ocrx_word' id='word_1_160' title='bbox 2942 1813 3250 1899; x_wconf 75' lang='lat' dir='ltr'><strong>primurn&#39;</strong></span> <span class='ocrx_word' id='word_1_161' title='bbox 3304 1814 3389 1879; x_wconf 91' lang='lat' dir='ltr'><strong>ad</strong></span> <span class='ocrx_word' id='word_1_162' title='bbox 3416 1836 3507 1878; x_wconf 81' lang='lat' dir='ltr'><strong>ar·</strong></span> 
     </span>
     <span class='ocr_line' id='line_1_16' title="bbox 586 1913 3501 2003; baseline 0 -25"><span class='ocrx_word' id='word_1_163' title='bbox 586 1913 950 2003; x_wconf 89' lang='lat' dir='ltr'><strong>ripiendum</strong></span> <span class='ocrx_word' id='word_1_164' title='bbox 993 1917 1191 2000; x_wconf 81' lang='lat' dir='ltr'><strong>opus³</strong></span> <span class='ocrx_word' id='word_1_165' title='bbox 1241 1937 1566 1981; x_wconf 79' lang='lat' dir='ltr'><strong>movemur</strong></span> <span class='ocrx_word' id='word_1_166' title='bbox 1605 1915 1674 1981; x_wconf 90' lang='lat' dir='ltr'><strong>in</strong></span> <span class='ocrx_word' id='word_1_167' title='bbox 1703 1938 2015 2001; x_wconf 81' lang='lat' dir='ltr'><strong>gressum,</strong></span> <span class='ocrx_word' id='word_1_168' title='bbox 2062 1915 2292 1981; x_wconf 85' lang='lat' dir='ltr'><strong>deinde</strong></span> <span class='ocrx_word' id='word_1_169' title='bbox 2322 1913 2753 1997; x_wconf 80' lang='lat' dir='ltr'><strong>subsistimuS,</strong></span> <span class='ocrx_word' id='word_1_170' title='bbox 2796 1914 2907 1981; x_wconf 89' lang='lat' dir='ltr'><strong>ubi</strong></span> <span class='ocrx_word' id='word_1_171' title='bbox 2934 1937 3041 1981; x_wconf 86' lang='lat' dir='ltr'><strong>res</strong></span> <span class='ocrx_word' id='word_1_172' title='bbox 3088 1916 3303 2001; x_wconf 89' lang='lat' dir='ltr'><strong>coepit</strong></span> <span class='ocrx_word' id='word_1_173' title='bbox 3334 1918 3501 1981; x_wconf 81' lang='lat' dir='ltr'><strong>esse⁴</strong></span> 
     </span>
     <span class='ocr_line' id='line_1_17' title="bbox 587 2015 3511 2102; baseline 0 -21"><span class='ocrx_word' id='word_1_174' title='bbox 587 2016 655 2081; x_wconf 89' lang='lat' dir='ltr'><strong>in</strong></span> <span class='ocrx_word' id='word_1_175' title='bbox 699 2015 1022 2098; x_wconf 89' lang='lat' dir='ltr'><strong>manibus,</strong></span> <span class='ocrx_word' id='word_1_176' title='bbox 1087 2015 1171 2081; x_wconf 87' lang='lat' dir='ltr'><strong>ad</strong></span> <span class='ocrx_word' id='word_1_177' title='bbox 1214 2015 1560 2086; x_wconf 87' lang='lat' dir='ltr'><strong>sedendum</strong></span> <span class='ocrx_word' id='word_1_178' title='bbox 1604 2040 1756 2083; x_wconf 85' lang='lat' dir='ltr'><strong>vero</strong></span> <span class='ocrx_word' id='word_1_179' title='bbox 1803 2017 2268 2083; x_wconf 77' lang='lat' dir='ltr'><strong>convertimur-&#39;³</strong></span> <span class='ocrx_word' id='word_1_180' title='bbox 2318 2016 2579 2101; x_wconf 83' lang='lat' dir='ltr'><strong>negotio</strong></span> <span class='ocrx_word' id='word_1_181' title='bbox 2636 2016 2761 2081; x_wconf 90' lang='lat' dir='ltr'><strong>iam</strong></span> <span class='ocrx_word' id='word_1_182' title='bbox 2805 2024 3049 2102; x_wconf 86' lang='lat' dir='ltr'><strong>parato.</strong></span> <span class='ocrx_word' id='word_1_183' title='bbox 3058 2020 3083 2059; x_wconf 66' lang='grc' dir='ltr'><strong>θ</strong></span> <span class='ocrx_word' id='word_1_184' title='bbox 3164 2016 3319 2081; x_wconf 89' lang='lat' dir='ltr'><strong>Hoc</strong></span> <span class='ocrx_word' id='word_1_185' title='bbox 3374 2038 3511 2101; x_wconf 85' lang='lat' dir='ltr'><strong>ergo</strong></span> 
     </span>
     <span class='ocr_line' id='line_1_18' title="bbox 591 2116 3513 2205; baseline -0 -22"><span class='ocrx_word' id='word_1_186' title='bbox 591 2127 850 2184; x_wconf 89' lang='lat' dir='ltr'><strong>sanctus</strong></span> <span class='ocrx_word' id='word_1_187' title='bbox 892 2116 1108 2183; x_wconf 80' lang='lat' dir='ltr'><strong>David</strong></span> <span class='ocrx_word' id='word_1_188' title='bbox 1162 2118 1282 2201; x_wconf 90' lang='lat' dir='ltr'><strong>ait,</strong></span> <span class='ocrx_word' id='word_1_189' title='bbox 1340 2118 1676 2205; x_wconf 78' lang='lat' dir='ltr'><strong>quoniam⁰</strong></span> <span class='ocrx_word' id='word_1_190' title='bbox 1725 2118 1836 2183; x_wconf 87' lang='lat' dir='ltr'><strong>ille</strong></span> <span class='ocrx_word' id='word_1_191' title='bbox 1889 2140 2042 2185; x_wconf 81' lang='lat' dir='ltr'><strong>vero</strong></span> <span class='ocrx_word' id='word_1_192' title='bbox 2098 2120 2323 2185; x_wconf 87' lang='lat' dir='ltr'><strong>beatus</strong></span> <span class='ocrx_word' id='word_1_193' title='bbox 2384 2120 2496 2199; x_wconf 86' lang='lat' dir='ltr'><strong>sit,</strong></span> <span class='ocrx_word' id='word_1_194' title='bbox 2555 2119 2667 2203; x_wconf 89' lang='lat' dir='ltr'><strong>qui</strong></span> <span class='ocrx_word' id='word_1_195' title='bbox 2720 2140 2933 2205; x_wconf 84' lang='lat' dir='ltr'><strong>neque</strong></span> <span class='ocrx_word' id='word_1_196' title='bbox 2988 2119 3215 2205; x_wconf 85' lang='lat' dir='ltr'><strong>primis</strong></span> <span class='ocrx_word' id='word_1_197' title='bbox 3268 2119 3513 2205; x_wconf 86' lang='lat' dir='ltr'><strong>quidem</strong></span> 
     </span>
     <span class='ocr_line' id='line_1_19' title="bbox 589 2219 3513 2307; baseline 0 -22"><span class='ocrx_word' id='word_1_198' title='bbox 589 2219 888 2306; x_wconf 85' lang='lat' dir='ltr'><strong>vestigiis</strong></span> <span class='ocrx_word' id='word_1_199' title='bbox 955 2220 1384 2307; x_wconf 76' lang='lat' dir='ltr'><strong>impietatumt</strong></span> <span class='ocrx_word' id='word_1_200' title='bbox 1453 2220 1905 2307; x_wconf 77' lang='lat' dir='ltr'><strong>cogitationem</strong></span> <span class='ocrx_word' id='word_1_201' title='bbox 1968 2219 2129 2285; x_wconf 87' lang='lat' dir='ltr'><strong>adiit</strong></span> <span class='ocrx_word' id='word_1_202' title='bbox 2179 2220 2284 2285; x_wconf 83' lang='lat' dir='ltr'><strong>vel</strong></span> <span class='ocrx_word' id='word_1_203' title='bbox 2338 2220 2673 2305; x_wconf 84' lang='lat' dir='ltr'><strong>ingressus</strong></span> <span class='ocrx_word' id='word_1_204' title='bbox 2730 2231 2859 2303; x_wconf 88' lang='lat' dir='ltr'><strong>est,</strong></span> <span class='ocrx_word' id='word_1_205' title='bbox 2928 2243 3143 2306; x_wconf 87' lang='lat' dir='ltr'><strong>neque</strong></span> <span class='ocrx_word' id='word_1_206' title='bbox 3211 2221 3513 2287; x_wconf 74' lang='lat' dir='ltr'><strong>adfecmm</strong></span> 
     </span>
     <span class='ocr_line' id='line_1_20' title="bbox 590 2321 3517 2411; baseline 0 -24"><span class='ocrx_word' id='word_1_207' title='bbox 590 2324 777 2411; x_wconf 81' lang='lat' dir='ltr'><strong>pravi</strong></span> <span class='ocrx_word' id='word_1_208' title='bbox 821 2321 1036 2410; x_wconf 84' lang='lat' dir='ltr'><strong>operis</strong></span> <span class='ocrx_word' id='word_1_209' title='bbox 1067 2322 1340 2405; x_wconf 87' lang='lat' dir='ltr'><strong>admisit,</strong></span> <span class='ocrx_word' id='word_1_210' title='bbox 1385 2346 1595 2409; x_wconf 85' lang='lat' dir='ltr'><strong>neque</strong></span> <span class='ocrx_word' id='word_1_211' title='bbox 1637 2322 1772 2389; x_wconf 88' lang='lat' dir='ltr'><strong>nlla</strong></span> <span class='ocrx_word' id='word_1_212' title='bbox 1797 2321 2093 2387; x_wconf 80' lang='lat' dir='ltr'><strong>inretitus</strong></span> <span class='ocrx_word' id='word_1_213' title='bbox 2126 2330 2227 2387; x_wconf 90' lang='lat' dir='ltr'><strong>est</strong></span> <span class='ocrx_word' id='word_1_214' title='bbox 2252 2322 2460 2387; x_wconf 82' lang='lat' dir='ltr'><strong>malae</strong></span> <span class='ocrx_word' id='word_1_215' title='bbox 2490 2322 2937 2389; x_wconf 79' lang='lat' dir='ltr'><strong>delectationis</strong></span> <span class='ocrx_word' id='word_1_216' title='bbox 2966 2323 3313 2404; x_wconf 78' lang='lat' dir='ltr'><strong>inlecebra,</strong></span> <span class='ocrx_word' id='word_1_217' title='bbox 3358 2322 3517 2409; x_wconf 90' lang='lat' dir='ltr'><strong>quod</strong></span> 
     </span>
     <span class='ocr_line' id='line_1_21' title="bbox 591 2422 3519 2510; baseline -0.001 -23"><span class='ocrx_word' id='word_1_218' title='bbox 591 2423 854 2491; x_wconf 86' lang='lat' dir='ltr'><strong>nomine</strong></span> <span class='ocrx_word' id='word_1_219' title='bbox 897 2422 1236 2490; x_wconf 80' lang='lat' dir='ltr'><strong>cathedrae</strong></span> <span class='ocrx_word' id='word_1_220' title='bbox 1282 2433 1348 2489; x_wconf 91' lang='lat' dir='ltr'><strong>et</strong></span> <span class='ocrx_word' id='word_1_221' title='bbox 1391 2424 1737 2491; x_wconf 79' lang='lat' dir='ltr'><strong>sessionis⁷</strong></span> <span class='ocrx_word' id='word_1_222' title='bbox 1791 2422 2178 2505; x_wconf 84' lang='lat' dir='ltr'><strong>ostenditur,</strong></span> <span class='ocrx_word' id='word_1_223' title='bbox 2222 2433 2293 2488; x_wconf 83' lang='lat' dir='ltr'><strong>ut</strong></span> <span class='ocrx_word' id='word_1_224' title='bbox 2336 2444 2552 2487; x_wconf 89' lang='lat' dir='ltr'><strong>eorum</strong></span> <span class='ocrx_word' id='word_1_225' title='bbox 2594 2424 2919 2491; x_wconf 86' lang='lat' dir='ltr'><strong>consortio</strong></span> <span class='ocrx_word' id='word_1_226' title='bbox 2972 2424 3377 2510; x_wconf 83' lang='lat' dir='ltr'><strong>iungeretur,</strong></span> <span class='ocrx_word' id='word_1_227' title='bbox 3422 2422 3519 2508; x_wconf 84' lang='lat' dir='ltr'><strong>qui</strong></span> 
     </span>
     <span class='ocr_line' id='line_1_22' title="bbox 583 2524 3515 2613; baseline -0.001 -21.989"><span class='ocrx_word' id='word_1_228' title='bbox 583 2525 866 2591; x_wconf 87' lang='lat' dir='ltr'><strong>aliorum</strong></span> <span class='ocrx_word' id='word_1_229' title='bbox 911 2525 1386 2612; x_wconf 87' lang='lat' dir='ltr'><strong>simplicitatem</strong></span> <span class='ocrx_word' id='word_1_230' title='bbox 1429 2547 1678 2592; x_wconf 81' lang='lat' dir='ltr'><strong>veneno</strong></span> <span class='ocrx_word' id='word_1_231' title='bbox 1725 2546 1879 2591; x_wconf 82' lang='lat' dir='ltr'><strong>suae</strong></span> <span class='ocrx_word' id='word_1_232' title='bbox 1908 2525 2243 2611; x_wconf 80' lang='lat' dir='ltr'><strong>pravitatis</strong></span> <span class='ocrx_word' id='word_1_233' title='bbox 2286 2524 2597 2591; x_wconf 85' lang='lat' dir='ltr'><strong>inficiunt.</strong></span> <span class='ocrx_word' id='word_1_234' title='bbox 2610 2528 2635 2569; x_wconf 77' lang='lat'>⁸</span> <span class='ocrx_word' id='word_1_235' title='bbox 2710 2524 2853 2593; x_wconf 86' lang='lat' dir='ltr'><strong>Hos</strong></span> <span class='ocrx_word' id='word_1_236' title='bbox 2899 2527 3071 2592; x_wconf 89' lang='lat' dir='ltr'><strong>enim</strong></span> <span class='ocrx_word' id='word_1_237' title='bbox 3112 2526 3515 2613; x_wconf 67' lang='lat' dir='ltr'><strong>pestilentes⁹</strong></span> 
     </span>
     <span class='ocr_line' id='line_1_23' title="bbox 587 2626 3519 2739; baseline 0 -48"><span class='ocrx_word' id='word_1_238' title='bbox 587 2634 805 2709; x_wconf 82' lang='lat' dir='ltr'><strong>vocat,</strong></span> <span class='ocrx_word' id='word_1_239' title='bbox 864 2648 1134 2712; x_wconf 87' lang='lat' dir='ltr'><strong>quorum</strong></span> <span class='ocrx_word' id='word_1_240' title='bbox 1190 2636 1290 2693; x_wconf 88' lang='lat' dir='ltr'><strong>est</strong></span> <span class='ocrx_word' id='word_1_241' title='bbox 1344 2626 1536 2715; x_wconf 88' lang='lat' dir='ltr'><strong>plane</strong></span> <span class='ocrx_word' id='word_1_242' title='bbox 1593 2626 1893 2693; x_wconf 86' lang='lat' dir='ltr'><strong>morbosa</strong></span> <span class='ocrx_word' id='word_1_243' title='bbox 1940 2626 2324 2693; x_wconf 82' lang='lat' dir='ltr'><strong>coniunctio.</strong></span> <span class='ocrx_word' id='word_1_244' title='bbox 2420 2626 2589 2693; x_wconf 87' lang='lat' dir='ltr'><strong>Nam</strong></span> <span class='ocrx_word' id='word_1_245' title='bbox 2648 2633 2739 2693; x_wconf 86' lang='lat' dir='ltr'><strong>et¹</strong></span> <span class='ocrx_word' id='word_1_246' title='bbox 2758 2632 2786 2671; x_wconf 91' lang='lat'>⁰</span> <span class='ocrx_word' id='word_1_247' title='bbox 2810 2638 2838 2677; x_wconf 74' lang='lat'><strong>8</strong></span> <span class='ocrx_word' id='word_1_248' title='bbox 2917 2627 3331 2713; x_wconf 83' lang='lat' dir='ltr'><strong>pestilentiae</strong></span> <span class='ocrx_word' id='word_1_249' title='bbox 3384 2648 3519 2739; x_wconf 81' lang='lat' dir='ltr'><strong>pro·</strong></span> 
     </span>
     <span class='ocr_line' id='line_1_24' title="bbox 589 2726 3489 2815; baseline -0 -22"><span class='ocrx_word' id='word_1_250' title='bbox 589 2729 799 2815; x_wconf 90' lang='lat' dir='ltr'><strong>prium</strong></span> <span class='ocrx_word' id='word_1_251' title='bbox 812 2778 830 2809; x_wconf 93' lang='lat'><strong>,</strong></span> <span class='ocrx_word' id='word_1_252' title='bbox 891 2729 971 2794; x_wconf 90' lang='lat' dir='ltr'><strong>ab</strong></span> <span class='ocrx_word' id='word_1_253' title='bbox 1004 2750 1134 2792; x_wconf 92' lang='lat' dir='ltr'><strong>uno</strong></span> <span class='ocrx_word' id='word_1_254' title='bbox 1185 2726 1254 2792; x_wconf 87' lang='lat' dir='ltr'><strong>in</strong></span> <span class='ocrx_word' id='word_1_255' title='bbox 1308 2729 1578 2795; x_wconf 88' lang='lat' dir='ltr'><strong>alterum</strong></span> <span class='ocrx_word' id='word_1_256' title='bbox 1629 2729 2020 2795; x_wconf 88' lang='lat' dir='ltr'><strong>transeundo</strong></span> <span class='ocrx_word' id='word_1_257' title='bbox 2072 2728 2368 2795; x_wconf 86' lang='lat' dir='ltr'><strong>inficere¹</strong></span> <span class='ocrx_word' id='word_1_258' title='bbox 2388 2734 2411 2771; x_wconf 87' lang='lat'>¹</span> <span class='ocrx_word' id='word_1_259' title='bbox 2474 2728 2813 2795; x_wconf 87' lang='lat' dir='ltr'><strong>multorum</strong></span> <span class='ocrx_word' id='word_1_260' title='bbox 2868 2752 3143 2815; x_wconf 87' lang='lat' dir='ltr'><strong>corpora</strong></span> <span class='ocrx_word' id='word_1_261' title='bbox 3192 2738 3489 2814; x_wconf 68' lang='lat' dir='ltr'><strong>atquem</strong></span> 
     </span>
     <span class='ocr_line' id='line_1_25' title="bbox 591 2762 3517 2915; baseline -0 -21"><span class='ocrx_word' id='word_1_262' title='bbox 591 2830 771 2895; x_wconf 86' lang='lat' dir='ltr'><strong>tiare.</strong></span> <span class='ocrx_word' id='word_1_263' title='bbox 785 2837 804 2871; x_wconf 90' lang='lat'>¹</span> <span class='ocrx_word' id='word_1_264' title='bbox 825 2832 850 2871; x_wconf 78' lang='lat'>²</span> <span class='ocrx_word' id='word_1_265' title='bbox 935 2829 1086 2895; x_wconf 89' lang='lat' dir='ltr'><strong>Non</strong></span> <span class='ocrx_word' id='word_1_266' title='bbox 1130 2829 1288 2895; x_wconf 87' lang='lat' dir='ltr'><strong>abiit</strong></span> <span class='ocrx_word' id='word_1_267' title='bbox 1331 2852 1480 2915; x_wconf 86' lang='lat' dir='ltr'><strong>ergo</strong></span> <span class='ocrx_word' id='word_1_268' title='bbox 1527 2828 1796 2895; x_wconf 84' lang='lat' dir='ltr'><strong>dicendo</strong></span> <span class='ocrx_word' id='word_1_269' title='bbox 1843 2852 2195 2897; x_wconf 88' lang='lat' dir='ltr'><strong>consensus</strong></span> <span class='ocrx_word' id='word_1_270' title='bbox 2212 2830 2241 2869; x_wconf 84' lang='lat'><strong>¹¹</strong></span> <span class='ocrx_word' id='word_1_271' title='bbox 2308 2830 2767 2915; x_wconf 84' lang='lat' dir='ltr'><strong>cogitationum</strong></span> <span class='ocrx_word' id='word_1_272' title='bbox 2827 2831 3106 2911; x_wconf 76' lang='lat' dir='ltr'><strong>notavit,</strong></span> <span class='ocrx_word' id='word_1_273' title='bbox 3164 2830 3403 2915; x_wconf 85' lang='lat' dir='ltr'><strong>quibus</strong></span> <span class='ocrx_word' id='word_1_274' title='bbox 3444 2762 3517 2893; x_wconf 82' lang='lat' dir='ltr'><strong>ad</strong></span> 
     </span>
     <span class='ocr_line' id='line_1_26' title="bbox 590 2930 3519 3018; baseline 0 -23"><span class='ocrx_word' id='word_1_275' title='bbox 590 2952 821 3018; x_wconf 83' lang='lat' dir='ltr'><strong>pravas</strong></span> <span class='ocrx_word' id='word_1_276' title='bbox 876 2930 1323 3017; x_wconf 84' lang='lat' dir='ltr'><strong>suggestiones</strong></span> <span class='ocrx_word' id='word_1_277' title='bbox 1374 2931 1659 3017; x_wconf 87' lang='lat' dir='ltr'><strong>rapimur</strong></span> <span class='ocrx_word' id='word_1_278' title='bbox 1713 2941 1778 2996; x_wconf 91' lang='lat' dir='ltr'><strong>et</strong></span> <span class='ocrx_word' id='word_1_279' title='bbox 1831 2931 1901 2995; x_wconf 93' lang='lat' dir='ltr'><strong>id</strong></span> <span class='ocrx_word' id='word_1_280' title='bbox 1946 2931 2116 3018; x_wconf 89' lang='lat' dir='ltr'><strong>quod</strong></span> <span class='ocrx_word' id='word_1_281' title='bbox 2167 2931 2425 2997; x_wconf 89' lang='lat' dir='ltr'><strong>libuerit</strong></span> <span class='ocrx_word' id='word_1_282' title='bbox 2474 2932 2739 3018; x_wconf 88' lang='lat' dir='ltr'><strong>implere</strong></span> <span class='ocrx_word' id='word_1_283' title='bbox 2794 2954 3229 3018; x_wconf 85' lang='lat' dir='ltr'><strong>properamus.</strong></span> <span class='ocrx_word' id='word_1_284' title='bbox 3332 2930 3519 3011; x_wconf 83' lang='lat' dir='ltr'><strong>Quod</strong></span> 
     </span>
     <span class='ocr_line' id='line_1_27' title="bbox 593 3032 3517 3120; baseline -0.001 -21"><span class='ocrx_word' id='word_1_285' title='bbox 593 3055 744 3099; x_wconf 82' lang='lat' dir='ltr'><strong>vero</strong></span> <span class='ocrx_word' id='word_1_286' title='bbox 789 3032 894 3115; x_wconf 87' lang='lat' dir='ltr'><strong>ait,</strong></span> <span class='ocrx_word' id='word_1_287' title='bbox 937 3054 1072 3098; x_wconf 89' lang='lat' dir='ltr'><strong>non</strong></span> <span class='ocrx_word' id='word_1_288' title='bbox 1113 3032 1354 3113; x_wconf 86' lang='lat' dir='ltr'><strong>stetit,¹</strong></span> <span class='ocrx_word' id='word_1_289' title='bbox 1375 3034 1398 3074; x_wconf 76' lang='lat'>³</span> <span class='ocrx_word' id='word_1_290' title='bbox 1449 3032 1516 3097; x_wconf 89' lang='lat' dir='ltr'><strong>in</strong></span> <span class='ocrx_word' id='word_1_291' title='bbox 1561 3032 1754 3119; x_wconf 76' lang='lat' dir='ltr'><strong>opusi</strong></span> <span class='ocrx_word' id='word_1_292' title='bbox 1824 3033 2040 3099; x_wconf 84' lang='lat' dir='ltr'><strong>exisse</strong></span> <span class='ocrx_word' id='word_1_293' title='bbox 2098 3032 2341 3099; x_wconf 87' lang='lat' dir='ltr'><strong>indicat</strong></span> <span class='ocrx_word' id='word_1_294' title='bbox 2379 3033 2448 3099; x_wconf 87' lang='lat' dir='ltr'><strong>id</strong></span> <span class='ocrx_word' id='word_1_295' title='bbox 2501 3034 2672 3120; x_wconf 90' lang='lat' dir='ltr'><strong>quod</strong></span> <span class='ocrx_word' id='word_1_296' title='bbox 2714 3034 3017 3120; x_wconf 81' lang='lat' dir='ltr'><strong>cogitatio</strong></span> <span class='ocrx_word' id='word_1_297' title='bbox 3062 3042 3214 3099; x_wconf 84' lang='lat' dir='ltr'><strong>ante</strong></span> <span class='ocrx_word' id='word_1_298' title='bbox 3256 3054 3517 3117; x_wconf 82' lang='lat' dir='ltr'><strong>sugges-</strong></span> 
     </span>
     <span class='ocr_line' id='line_1_28' title="bbox 594 3132 3519 3221; baseline -0.001 -22"><span class='ocrx_word' id='word_1_299' title='bbox 594 3142 794 3216; x_wconf 87' lang='lat' dir='ltr'><strong>serat,</strong></span> <span class='ocrx_word' id='word_1_300' title='bbox 851 3134 1021 3219; x_wconf 89' lang='lat' dir='ltr'><strong>quod</strong></span> <span class='ocrx_word' id='word_1_301' title='bbox 1065 3132 1224 3199; x_wconf 87' lang='lat' dir='ltr'><strong>tunc</strong></span> <span class='ocrx_word' id='word_1_302' title='bbox 1263 3132 1630 3219; x_wconf 86' lang='lat' dir='ltr'><strong>implemus,</strong></span> <span class='ocrx_word' id='word_1_303' title='bbox 1687 3156 1828 3199; x_wconf 88' lang='lat' dir='ltr'><strong>cum</strong></span> <span class='ocrx_word' id='word_1_304' title='bbox 1875 3133 2149 3199; x_wconf 85' lang='lat' dir='ltr'><strong>delectat</strong></span> <span class='ocrx_word' id='word_1_305' title='bbox 2198 3133 2266 3197; x_wconf 91' lang='lat' dir='ltr'><strong>in</strong></span> <span class='ocrx_word' id='word_1_306' title='bbox 2318 3134 2464 3200; x_wconf 89' lang='lat' dir='ltr'><strong>aliis</strong></span> <span class='ocrx_word' id='word_1_307' title='bbox 2519 3136 2822 3221; x_wconf 88' lang='lat' dir='ltr'><strong>operibus</strong></span> <span class='ocrx_word' id='word_1_308' title='bbox 2880 3135 3145 3220; x_wconf 83' lang='lat' dir='ltr'><strong>gradum</strong></span> <span class='ocrx_word' id='word_1_309' title='bbox 3196 3136 3399 3220; x_wconf 74' lang='lat' dir='ltr'><strong>figere</strong></span> <span class='ocrx_word' id='word_1_310' title='bbox 3450 3156 3519 3197; x_wconf 83' lang='lat' dir='ltr'><strong>ac</strong></span> 
     </span>
     <span class='ocr_line' id='line_1_29' title="bbox 595 3232 3517 3321; baseline 0 -22"><span class='ocrx_word' id='word_1_311' title='bbox 595 3234 852 3321; x_wconf 90' lang='lat' dir='ltr'><strong>saepius</strong></span> <span class='ocrx_word' id='word_1_312' title='bbox 895 3234 1206 3301; x_wconf 84' lang='lat' dir='ltr'><strong>restitare.</strong></span> <span class='ocrx_word' id='word_1_313' title='bbox 1294 3232 1421 3299; x_wconf 87' lang='lat' dir='ltr'><strong>Per</strong></span> <span class='ocrx_word' id='word_1_314' title='bbox 1463 3234 1804 3303; x_wconf 88' lang='lat' dir='ltr'><strong>cathedrae</strong></span> <span class='ocrx_word' id='word_1_315' title='bbox 1847 3244 2055 3301; x_wconf 87' lang='lat' dir='ltr'><strong>autem</strong></span> <span class='ocrx_word' id='word_1_316' title='bbox 2112 3234 2543 3301; x_wconf 84' lang='lat' dir='ltr'><strong>sessionem¹⁴</strong></span> <span class='ocrx_word' id='word_1_317' title='bbox 2594 3235 2704 3301; x_wconf 91' lang='lat' dir='ltr'><strong>ille</strong></span> <span class='ocrx_word' id='word_1_318' title='bbox 2750 3236 3066 3320; x_wconf 87' lang='lat' dir='ltr'><strong>signatur,</strong></span> <span class='ocrx_word' id='word_1_319' title='bbox 3126 3236 3237 3321; x_wconf 89' lang='lat' dir='ltr'><strong>qui</strong></span> <span class='ocrx_word' id='word_1_320' title='bbox 3276 3236 3375 3301; x_wconf 78' lang='lat' dir='ltr'><strong>ita</strong></span> <span class='ocrx_word' id='word_1_321' title='bbox 3416 3235 3517 3300; x_wconf 87' lang='lat' dir='ltr'><strong>de-</strong></span> 
     </span>
     <span class='ocr_line' id='line_1_30' title="bbox 591 3334 3518 3423; baseline 0 -23"><span class='ocrx_word' id='word_1_322' title='bbox 591 3335 860 3400; x_wconf 86' lang='lat' dir='ltr'><strong>lectatur</strong></span> <span class='ocrx_word' id='word_1_323' title='bbox 903 3344 969 3401; x_wconf 89' lang='lat' dir='ltr'><strong>et</strong></span> <span class='ocrx_word' id='word_1_324' title='bbox 1007 3335 1358 3423; x_wconf 87' lang='lat' dir='ltr'><strong>requiescit</strong></span> <span class='ocrx_word' id='word_1_325' title='bbox 1399 3336 1470 3401; x_wconf 91' lang='lat' dir='ltr'><strong>in</strong></span> <span class='ocrx_word' id='word_1_326' title='bbox 1510 3336 1678 3403; x_wconf 88' lang='lat' dir='ltr'><strong>mala</strong></span> <span class='ocrx_word' id='word_1_327' title='bbox 1719 3336 2181 3403; x_wconf 86' lang='lat' dir='ltr'><strong>consuetudine</strong></span> <span class='ocrx_word' id='word_1_328' title='bbox 2197 3385 2214 3417; x_wconf 92' lang='lat'><strong>,</strong></span> <span class='ocrx_word' id='word_1_329' title='bbox 2259 3345 2330 3401; x_wconf 87' lang='lat' dir='ltr'><strong>ut</strong></span> <span class='ocrx_word' id='word_1_330' title='bbox 2370 3336 2637 3423; x_wconf 88' lang='lat' dir='ltr'><strong>reliquis</strong></span> <span class='ocrx_word' id='word_1_331' title='bbox 2682 3337 2972 3405; x_wconf 86' lang='lat' dir='ltr'><strong>eiusdem</strong></span> <span class='ocrx_word' id='word_1_332' title='bbox 3016 3336 3213 3403; x_wconf 85' lang='lat' dir='ltr'><strong>studii</strong></span> <span class='ocrx_word' id='word_1_333' title='bbox 3254 3334 3518 3401; x_wconf 82' lang='lat' dir='ltr'><strong>homini·</strong></span> 
     </span>
     <span class='ocr_line' id='line_1_31' title="bbox 597 3435 3519 3525; baseline 0 -25"><span class='ocrx_word' id='word_1_334' title='bbox 597 3436 718 3501; x_wconf 88' lang='lat' dir='ltr'><strong>bus</strong></span> <span class='ocrx_word' id='word_1_335' title='bbox 771 3436 910 3502; x_wconf 90' lang='lat' dir='ltr'><strong>sine</strong></span> <span class='ocrx_word' id='word_1_336' title='bbox 965 3435 1094 3502; x_wconf 87' lang='lat' dir='ltr'><strong>ullo</strong></span> <span class='ocrx_word' id='word_1_337' title='bbox 1151 3438 1610 3505; x_wconf 77' lang='lat' dir='ltr'><strong>verecundiae1</strong></span> <span class='ocrx_word' id='word_1_338' title='bbox 1629 3444 1654 3481; x_wconf 80' lang='lat'>⁵</span> <span class='ocrx_word' id='word_1_339' title='bbox 1703 3438 2049 3505; x_wconf 85' lang='lat' dir='ltr'><strong>misceatur</strong></span> <span class='ocrx_word' id='word_1_340' title='bbox 2091 3439 2477 3525; x_wconf 71' lang='lat' dir='ltr'><strong>adpensa-¹⁶</strong></span> <span class='ocrx_word' id='word_1_341' title='bbox 2562 3436 2754 3518; x_wconf 79' lang='lat' dir='ltr'><strong>Quod</strong></span> <span class='ocrx_word' id='word_1_342' title='bbox 2795 3460 2949 3504; x_wconf 76' lang='lat' dir='ltr'><strong>vero</strong></span> <span class='ocrx_word' id='word_1_343' title='bbox 2991 3438 3331 3524; x_wconf 87' lang='lat' dir='ltr'><strong>impiorum</strong></span> <span class='ocrx_word' id='word_1_344' title='bbox 3378 3458 3519 3502; x_wconf 87' lang='lat' dir='ltr'><strong>con·</strong></span> 
     </span>
     <span class='ocr_line' id='line_1_32' title="bbox 597 3536 3518 3626; baseline 0 -24"><span class='ocrx_word' id='word_1_345' title='bbox 597 3536 746 3602; x_wconf 87' lang='lat' dir='ltr'><strong>silia</strong></span> <span class='ocrx_word' id='word_1_346' title='bbox 784 3537 984 3621; x_wconf 84' lang='lat' dir='ltr'><strong>ponit,</strong></span> <span class='ocrx_word' id='word_1_347' title='bbox 1005 3538 1034 3577; x_wconf 75' lang='lat'><strong>¹²</strong></span> <span class='ocrx_word' id='word_1_348' title='bbox 1093 3547 1498 3625; x_wconf 87' lang='lat' dir='ltr'><strong>peccatorum</strong></span> <span class='ocrx_word' id='word_1_349' title='bbox 1540 3562 1694 3607; x_wconf 82' lang='lat' dir='ltr'><strong>vero</strong></span> <span class='ocrx_word' id='word_1_350' title='bbox 1739 3560 1968 3625; x_wconf 87' lang='lat' dir='ltr'><strong>opera,</strong></span> <span class='ocrx_word' id='word_1_351' title='bbox 2030 3539 2186 3606; x_wconf 88' lang='lat' dir='ltr'><strong>satis</strong></span> <span class='ocrx_word' id='word_1_352' title='bbox 2239 3539 2323 3604; x_wconf 90' lang='lat' dir='ltr'><strong>ad</strong></span> <span class='ocrx_word' id='word_1_353' title='bbox 2366 3544 2725 3626; x_wconf 77' lang='lat' dir='ltr'><strong>utrumque¹</strong></span> <span class='ocrx_word' id='word_1_354' title='bbox 2748 3542 2772 3581; x_wconf 79' lang='lat'><strong>‘¹</strong></span> <span class='ocrx_word' id='word_1_355' title='bbox 2821 3539 3129 3626; x_wconf 83' lang='lat' dir='ltr'><strong>respexit.</strong></span> <span class='ocrx_word' id='word_1_356' title='bbox 3224 3537 3518 3623; x_wconf 76' lang='lat' dir='ltr'><strong>Impietas</strong></span> 
     </span>
     <span class='ocr_line' id='line_1_33' title="bbox 597 3638 3517 3727; baseline 0.001 -24"><span class='ocrx_word' id='word_1_357' title='bbox 597 3638 764 3703; x_wconf 89' lang='lat' dir='ltr'><strong>enim</strong></span> <span class='ocrx_word' id='word_1_358' title='bbox 815 3638 899 3703; x_wconf 87' lang='lat' dir='ltr'><strong>ad</strong></span> <span class='ocrx_word' id='word_1_359' title='bbox 939 3638 1375 3724; x_wconf 72' lang='lat' dir='ltr'><strong>agitationem*</strong></span> <span class='ocrx_word' id='word_1_360' title='bbox 1403 3644 1426 3682; x_wconf 77' lang='lat'>⁸</span> <span class='ocrx_word' id='word_1_361' title='bbox 1475 3640 1710 3707; x_wconf 87' lang='lat' dir='ltr'><strong>mentis</strong></span> <span class='ocrx_word' id='word_1_362' title='bbox 1753 3640 2033 3727; x_wconf 84' lang='lat' dir='ltr'><strong>pertinet</strong></span> <span class='ocrx_word' id='word_1_363' title='bbox 2086 3648 2151 3707; x_wconf 88' lang='lat' dir='ltr'><strong>et</strong></span> <span class='ocrx_word' id='word_1_364' title='bbox 2189 3650 2397 3707; x_wconf 87' lang='lat' dir='ltr'><strong>motus</strong></span> <span class='ocrx_word' id='word_1_365' title='bbox 2460 3664 2592 3707; x_wconf 88' lang='lat' dir='ltr'><strong>non</strong></span> <span class='ocrx_word' id='word_1_366' title='bbox 2631 3650 2807 3708; x_wconf 85' lang='lat' dir='ltr'><strong>recte</strong></span> <span class='ocrx_word' id='word_1_367' title='bbox 2860 3642 3113 3707; x_wconf 84' lang='lat' dir='ltr'><strong>animae</strong></span> <span class='ocrx_word' id='word_1_368' title='bbox 3167 3640 3517 3718; x_wconf 62' lang='lat' dir='ltr'><strong>sentientia</strong></span> 
     </span>
    </p>
   </div>
   <div class='ocr_carea' id='block_1_3' title="bbox 595 3802 999 3813">
    <p class='ocr_par' dir='ltr' id='par_1_4' title="bbox 595 3802 999 3813">
     <span class='ocr_line' id='line_1_34' title="bbox 595 3802 999 3813; baseline 0 0"><span class='ocrx_word' id='word_1_369' title='bbox 595 3802 999 3813; x_wconf 95' lang='lat' dir='ltr'><strong> </strong></span> 
     </span>
    </p>
   </div>
   <div class='ocr_carea' id='block_1_4' title="bbox 598 3891 3519 4049">
    <p class='ocr_par' dir='ltr' id='par_1_5' title="bbox 598 3891 3519 4049">
     <span class='ocr_line' id='line_1_35' title="bbox 751 3891 3519 4029; baseline -0 -78"><span class='ocrx_word' id='word_1_370' title='bbox 751 3913 788 3951; x_wconf 91' lang='lat' dir='ltr'><strong>a</strong></span> <span class='ocrx_word' id='word_1_371' title='bbox 842 3894 1135 3971; x_wconf 88' lang='lat' dir='ltr'><strong>perceptio</strong></span> <span class='ocrx_word' id='word_1_372' title='bbox 1231 3894 1270 3952; x_wconf 95' lang='lat' dir='ltr'><strong>b</strong></span> <span class='ocrx_word' id='word_1_373' title='bbox 1325 3912 1432 3971; x_wconf 89' lang='lat' dir='ltr'><strong>per</strong></span> <span class='ocrx_word' id='word_1_374' title='bbox 1537 3912 1570 3951; x_wconf 89' lang='lat' dir='ltr'><strong>c</strong></span> <span class='ocrx_word' id='word_1_375' title='bbox 1623 3894 1885 4029; x_wconf 58' lang='lat' dir='ltr'><strong>recticffe</strong></span> <span class='ocrx_word' id='word_1_376' title='bbox 2000 3892 2042 3953; x_wconf 89' lang='lat' dir='ltr'><strong>d</strong></span> <span class='ocrx_word' id='word_1_377' title='bbox 2079 3898 2325 3952; x_wconf 86' lang='lat' dir='ltr'><strong>sectator</strong></span> <span class='ocrx_word' id='word_1_378' title='bbox 2439 3912 2472 3952; x_wconf 87' lang='lat' dir='ltr'><strong>e</strong></span> <span class='ocrx_word' id='word_1_379' title='bbox 2511 3896 2670 3971; x_wconf 90' lang='lat' dir='ltr'><strong>quod</strong></span> <span class='ocrx_word' id='word_1_380' title='bbox 2784 3896 2813 3953; x_wconf 86' lang='lat' dir='ltr'>f</span> <span class='ocrx_word' id='word_1_381' title='bbox 2846 3895 3169 3971; x_wconf 85' lang='lat' dir='ltr'><strong>impietatis</strong></span> <span class='ocrx_word' id='word_1_382' title='bbox 3280 3910 3317 3969; x_wconf 81' lang='lat' dir='ltr'>g</span> <span class='ocrx_word' id='word_1_383' title='bbox 3356 3891 3519 3950; x_wconf 71' lang='lat' dir='ltr'><strong>etiam</strong></span> 
     </span>
     <span class='ocr_line' id='line_1_36' title="bbox 598 3970 2060 4049; baseline 0.001 -20"><span class='ocrx_word' id='word_1_384' title='bbox 598 3970 636 4029; x_wconf 91' lang='lat' dir='ltr'><strong>h</strong></span> <span class='ocrx_word' id='word_1_385' title='bbox 679 3970 961 4030; x_wconf 87' lang='lat' dir='ltr'><strong>adsensus</strong></span> <span class='ocrx_word' id='word_1_386' title='bbox 1037 3972 1060 4029; x_wconf 93' lang='lat' dir='ltr'><strong>i</strong></span> <span class='ocrx_word' id='word_1_387' title='bbox 1098 3988 1394 4049; x_wconf 87' lang='lat' dir='ltr'><strong>nunquam</strong></span> <span class='ocrx_word' id='word_1_388' title='bbox 1433 3972 1494 4029; x_wconf 88' lang='lat' dir='ltr'><strong>in</strong></span> <span class='ocrx_word' id='word_1_389' title='bbox 1534 3990 1708 4049; x_wconf 89' lang='lat' dir='ltr'><strong>opere</strong></span> <span class='ocrx_word' id='word_1_390' title='bbox 1866 3971 2060 4049; x_wconf 90' lang='lat' dir='ltr'><strong>posuit</strong></span> 
     </span>
    </p>
   </div>
   <div class='ocr_carea' id='block_1_5' title="bbox 600 4120 1005 4131">
    <p class='ocr_par' dir='ltr' id='par_1_6' title="bbox 600 4120 1005 4131">
     <span class='ocr_line' id='line_1_37' title="bbox 600 4120 1005 4131; baseline 0 1511"><span class='ocrx_word' id='word_1_391' title='bbox 600 4120 1005 4131; x_wconf 95' lang='lat' dir='ltr'><strong> </strong></span> 
     </span>
    </p>
   </div>
   <div class='ocr_carea' id='block_1_6' title="bbox 600 4199 3519 5036">
    <p class='ocr_par' dir='ltr' id='par_1_7' title="bbox 600 4199 3519 4393">
     <span class='ocr_line' id='line_1_38' title="bbox 737 4199 3519 4269; baseline -0.001 -16"><span class='ocrx_word' id='word_1_392' title='bbox 737 4208 764 4253; x_wconf 81' lang='grc'><strong>7</strong></span> <span class='ocrx_word' id='word_1_393' title='bbox 803 4203 988 4256; x_wconf 72' lang='lat' dir='ltr'><strong>instoir</strong></span> <span class='ocrx_word' id='word_1_394' title='bbox 1022 4200 1219 4253; x_wconf 61' lang='lat' dir='ltr'><strong>aiv-ebed</strong></span> <span class='ocrx_word' id='word_1_395' title='bbox 1251 4200 1480 4255; x_wconf 74' lang='lat' dir='ltr'><strong>asdulem</strong></span> <span class='ocrx_word' id='word_1_396' title='bbox 1513 4200 1620 4255; x_wconf 66' lang='lat' dir='ltr'><strong>ddn</strong></span> <span class='ocrx_word' id='word_1_397' title='bbox 1654 4200 1883 4269; x_wconf 72' lang='lat' dir='ltr'><strong>doenyma</strong></span> <span class='ocrx_word' id='word_1_398' title='bbox 1904 4200 2088 4255; x_wconf 73' lang='lat' dir='ltr'><strong>instoir</strong></span> <span class='ocrx_word' id='word_1_399' title='bbox 2158 4205 2187 4252; x_wconf 85' lang='lat'><strong>8</strong></span> <span class='ocrx_word' id='word_1_400' title='bbox 2224 4199 2535 4269; x_wconf 65' lang='lat' dir='ltr'><strong>alleicfinmoe</strong></span> <span class='ocrx_word' id='word_1_401' title='bbox 2605 4208 2636 4256; x_wconf 83' lang='grc'><strong>9</strong></span> <span class='ocrx_word' id='word_1_402' title='bbox 2689 4203 2725 4255; x_wconf 73' lang='lat' dir='ltr'><strong>i.</strong></span> <span class='ocrx_word' id='word_1_403' title='bbox 2750 4218 2860 4256; x_wconf 69' lang='lat' dir='ltr'><strong>nevas</strong></span> <span class='ocrx_word' id='word_1_404' title='bbox 2884 4209 2913 4255; x_wconf 87' lang='grc'><strong>7</strong></span> <span class='ocrx_word' id='word_1_405' title='bbox 2947 4204 3179 4257; x_wconf 64' lang='lat' dir='ltr'><strong>moratus</strong></span> <span class='ocrx_word' id='word_1_406' title='bbox 3254 4206 3315 4255; x_wconf 85' lang='lat'><strong>10</strong></span> <span class='ocrx_word' id='word_1_407' title='bbox 3348 4201 3519 4251; x_wconf 66' lang='lat' dir='ltr'><strong>ism</strong></span> 
     </span>
     <span class='ocr_line' id='line_1_39' title="bbox 600 4268 3519 4393; baseline -0.001 -70"><span class='ocrx_word' id='word_1_408' title='bbox 600 4271 680 4393; x_wconf 51' lang='lat' dir='ltr'><strong>lule?</strong></span> <span class='ocrx_word' id='word_1_409' title='bbox 697 4272 1017 4393; x_wconf 50' lang='lat' dir='ltr'><strong>blhgimmini</strong></span> <span class='ocrx_word' id='word_1_410' title='bbox 1050 4268 1276 4324; x_wconf 81' lang='lat' dir='ltr'><strong>doibsom</strong></span> <span class='ocrx_word' id='word_1_411' title='bbox 1319 4268 1514 4322; x_wconf 64' lang='lat' dir='ltr'><strong>atbndis</strong></span> <span class='ocrx_word' id='word_1_412' title='bbox 1550 4268 1770 4323; x_wconf 72' lang='lat' dir='ltr'><strong>dim-sens</strong></span> <span class='ocrx_word' id='word_1_413' title='bbox 1819 4276 1845 4321; x_wconf 83' lang='lat'>7</span> <span class='ocrx_word' id='word_1_414' title='bbox 1894 4268 2146 4323; x_wconf 76' lang='lat' dir='ltr'><strong>dinmora.</strong></span> <span class='ocrx_word' id='word_1_415' title='bbox 2182 4270 2499 4339; x_wconf 73' lang='lat' dir='ltr'><strong>manipoeoir</strong></span> <span class='ocrx_word' id='word_1_416' title='bbox 2518 4272 2819 4340; x_wconf 75' lang='lat' dir='ltr'><strong>srisimtoir</strong></span> <span class='ocrx_word' id='word_1_417' title='bbox 2854 4272 3175 4341; x_wconf 59' lang='lat' dir='ltr'><strong>affadmmi</strong></span> <span class='ocrx_word' id='word_1_418' title='bbox 3266 4276 3325 4323; x_wconf 87' lang='grc'><strong>11</strong></span> <span class='ocrx_word' id='word_1_419' title='bbox 3370 4269 3422 4323; x_wconf 79' lang='grc' dir='ltr'><strong>.ι”.</strong></span> <span class='ocrx_word' id='word_1_420' title='bbox 3454 4269 3519 4319; x_wconf 68' lang='grc' dir='ltr'><strong>ἠι-</strong></span> 
     </span>
     <span class='ocr_line' id='line_1_40' title="bbox 602 4358 784 4393; baseline 0 0"><span class='ocrx_word' id='word_1_421' title='bbox 602 4358 629 4393; x_wconf 88' lang='lat' dir='ltr'><strong>c</strong></span> <span class='ocrx_word' id='word_1_422' title='bbox 667 4358 695 4393; x_wconf 93' lang='grc' dir='ltr'><em>ο</em></span> <span class='ocrx_word' id='word_1_423' title='bbox 729 4358 784 4393; x_wconf 75' lang='grc' dir='ltr'><strong>αι</strong></span> 
     </span>
    </p>

    <p class='ocr_par' dir='ltr' id='par_1_8' title="bbox 601 4404 3519 4531">
     <span class='ocr_line' id='line_1_41' title="bbox 739 4404 3519 4478; baseline -0.003 -15"><span class='ocrx_word' id='word_1_424' title='bbox 739 4414 803 4463; x_wconf 78' lang='grc'><strong>12</strong></span> <span class='ocrx_word' id='word_1_425' title='bbox 841 4409 894 4462; x_wconf 76' lang='grc' dir='ltr'><strong>.ι“.</strong></span> <span class='ocrx_word' id='word_1_426' title='bbox 927 4406 1202 4462; x_wconf 67' lang='grc' dir='ltr'><strong>ὑσοίεσήαι</strong></span> <span class='ocrx_word' id='word_1_427' title='bbox 1233 4404 1507 4461; x_wconf 71' lang='lat' dir='ltr'><strong>docechtar</strong></span> <span class='ocrx_word' id='word_1_428' title='bbox 1541 4406 1604 4461; x_wconf 74' lang='lat' dir='ltr'><strong>de</strong></span> <span class='ocrx_word' id='word_1_429' title='bbox 1637 4406 1776 4459; x_wconf 72' lang='lat' dir='ltr'><strong>aium</strong></span> <span class='ocrx_word' id='word_1_430' title='bbox 1811 4404 1965 4459; x_wconf 78' lang='lat' dir='ltr'><strong>alaili</strong></span> <span class='ocrx_word' id='word_1_431' title='bbox 2034 4410 2095 4460; x_wconf 88' lang='grc'><strong>13</strong></span> <span class='ocrx_word' id='word_1_432' title='bbox 2134 4408 2186 4462; x_wconf 69' lang='lat'><strong>,22</strong></span> <span class='ocrx_word' id='word_1_433' title='bbox 2222 4406 2497 4461; x_wconf 65' lang='lat' dir='ltr'><strong>comdsain</strong></span> <span class='ocrx_word' id='word_1_434' title='bbox 2528 4406 2659 4461; x_wconf 68' lang='lat' dir='ltr'><strong>ivubi</strong></span> <span class='ocrx_word' id='word_1_435' title='bbox 2693 4406 2969 4478; x_wconf 78' lang='lat' dir='ltr'><strong>dianaipsr</strong></span> <span class='ocrx_word' id='word_1_436' title='bbox 3002 4409 3189 4478; x_wconf 67' lang='lat' dir='ltr'><strong>impius</strong></span> <span class='ocrx_word' id='word_1_437' title='bbox 3224 4413 3253 4459; x_wconf 81' lang='grc'><strong>7</strong></span> <span class='ocrx_word' id='word_1_438' title='bbox 3286 4411 3519 4476; x_wconf 54' lang='lat' dir='ltr'><strong>peccant</strong></span> 
     </span>
     <span class='ocr_line' id='line_1_42' title="bbox 601 4474 1865 4531; baseline -0.003 0"><span class='ocrx_word' id='word_1_439' title='bbox 601 4477 684 4531; x_wconf 74' lang='lat' dir='ltr'><strong>hic</strong></span> <span class='ocrx_word' id='word_1_440' title='bbox 759 4482 823 4531; x_wconf 80' lang='lat'><strong>14</strong></span> <span class='ocrx_word' id='word_1_441' title='bbox 857 4476 1005 4530; x_wconf 69' lang='lat' dir='ltr'><strong>ciabd</strong></span> <span class='ocrx_word' id='word_1_442' title='bbox 1077 4480 1137 4530; x_wconf 88' lang='lat'><strong>15</strong></span> <span class='ocrx_word' id='word_1_443' title='bbox 1173 4475 1355 4529; x_wconf 78' lang='lat' dir='ltr'><strong>erbaid</strong></span> <span class='ocrx_word' id='word_1_444' title='bbox 1425 4480 1486 4529; x_wconf 87' lang='grc'><strong>16</strong></span> <span class='ocrx_word' id='word_1_445' title='bbox 1521 4474 1865 4528; x_wconf 69' lang='grc' dir='ltr'><strong>ὑποπαπάαὶνο</strong></span> 
     </span>
    </p>

    <p class='ocr_par' dir='ltr' id='par_1_9' title="bbox 601 4543 3517 4753">
     <span class='ocr_line' id='line_1_43' title="bbox 737 4543 3517 4624; baseline -0.003 -23"><span class='ocrx_word' id='word_1_446' title='bbox 737 4544 1296 4611; x_wconf 67' lang='lat' dir='ltr'><strong>(15⁸)1ttecht7</strong></span> <span class='ocrx_word' id='word_1_447' title='bbox 1334 4544 1624 4597; x_wconf 69' lang='grc' dir='ltr'><strong>ιαίνιζςοηιΊ</strong></span> <span class='ocrx_word' id='word_1_448' title='bbox 1661 4543 1806 4598; x_wconf 71' lang='lat' dir='ltr'><strong>auide</strong></span> <span class='ocrx_word' id='word_1_449' title='bbox 1874 4549 1904 4596; x_wconf 80' lang='lat'><strong>2</strong></span> <span class='ocrx_word' id='word_1_450' title='bbox 1945 4550 2063 4624; x_wconf 76' lang='lat' dir='ltr'><strong>trop</strong></span> <span class='ocrx_word' id='word_1_451' title='bbox 2100 4550 2404 4598; x_wconf 58' lang='lat' dir='ltr'><strong>&amp;aeonem</strong></span> <span class='ocrx_word' id='word_1_452' title='bbox 2438 4543 2957 4599; x_wconf 59' lang='lat' dir='ltr'><strong>donadhatoomlsot.</strong></span> <span class='ocrx_word' id='word_1_453' title='bbox 2994 4544 3517 4600; x_wconf 49' lang='lat' dir='ltr'><strong>‚gemla-sm</strong></span> 
     </span>
     <span class='ocr_line' id='line_1_44' title="bbox 601 4612 3515 4695; baseline -0.001 -28"><span class='ocrx_word' id='word_1_454' title='bbox 601 4614 743 4669; x_wconf 81' lang='lat' dir='ltr'><strong>re&#39;tae</strong></span> <span class='ocrx_word' id='word_1_455' title='bbox 777 4614 949 4667; x_wconf 63' lang='lat' dir='ltr'><strong>casside</strong></span> <span class='ocrx_word' id='word_1_456' title='bbox 994 4612 1026 4667; x_wconf 95' lang='lat'><strong><em>7</em></strong></span> <span class='ocrx_word' id='word_1_457' title='bbox 1062 4612 1188 4665; x_wconf 77' lang='lat' dir='ltr'><strong>inm</strong></span> <span class='ocrx_word' id='word_1_458' title='bbox 1223 4612 1558 4693; x_wconf 71' lang='lat' dir='ltr'><strong>etnmcaiytloe</strong></span> <span class='ocrx_word' id='word_1_459' title='bbox 1591 4612 1875 4666; x_wconf 77' lang='lat' dir='ltr'><strong>himewman</strong></span> <span class='ocrx_word' id='word_1_460' title='bbox 1892 4612 2250 4693; x_wconf 59' lang='lat' dir='ltr'><strong>frahnaym&#39;nm</strong></span> <span class='ocrx_word' id='word_1_461' title='bbox 2294 4613 2499 4683; x_wconf 73' lang='lat' dir='ltr'><strong>corptki</strong></span> <span class='ocrx_word' id='word_1_462' title='bbox 2534 4613 2583 4666; x_wconf 78' lang='grc' dir='ltr'><strong>.τ“.</strong></span> <span class='ocrx_word' id='word_1_463' title='bbox 2618 4621 2761 4695; x_wconf 69' lang='lat' dir='ltr'><strong>epa-t</strong></span> <span class='ocrx_word' id='word_1_464' title='bbox 2792 4613 2859 4667; x_wconf 86' lang='lat' dir='ltr'><strong>do</strong></span> <span class='ocrx_word' id='word_1_465' title='bbox 2892 4612 3029 4667; x_wconf 66' lang='lat' dir='ltr'><strong>tecm</strong></span> <span class='ocrx_word' id='word_1_466' title='bbox 3058 4614 3177 4668; x_wconf 75' lang='lat' dir='ltr'><strong>ism</strong></span> <span class='ocrx_word' id='word_1_467' title='bbox 3206 4614 3421 4666; x_wconf 59' lang='lat' dir='ltr'><strong>inu-asa</strong></span> <span class='ocrx_word' id='word_1_468' title='bbox 3436 4613 3515 4679; x_wconf 74' lang='lat' dir='ltr'><strong>fo-</strong></span> 
     </span>
     <span class='ocr_line' id='line_1_45' title="bbox 601 4680 3127 4763; baseline -0 -26"><span class='ocrx_word' id='word_1_469' title='bbox 601 4683 926 4737; x_wconf 70' lang='lat' dir='ltr'><strong>chosmailius</strong></span> <span class='ocrx_word' id='word_1_470' title='bbox 961 4682 1137 4751; x_wconf 72' lang='lat' dir='ltr'><strong>tiaqar</strong></span> <span class='ocrx_word' id='word_1_471' title='bbox 1159 4680 1510 4735; x_wconf 69' lang='lat' dir='ltr'><strong>dointimcitul</strong></span> <span class='ocrx_word' id='word_1_472' title='bbox 1537 4680 1706 4750; x_wconf 58' lang='lat' dir='ltr'><strong>mimo</strong></span> <span class='ocrx_word' id='word_1_473' title='bbox 1739 4682 1817 4735; x_wconf 76' lang='lat' dir='ltr'><strong>sic</strong></span> <span class='ocrx_word' id='word_1_474' title='bbox 1851 4688 1928 4735; x_wconf 67' lang='lat' dir='ltr'><strong>eat</strong></span> <span class='ocrx_word' id='word_1_475' title='bbox 1958 4682 2014 4734; x_wconf 74' lang='lat' dir='ltr'><strong>in</strong></span> <span class='ocrx_word' id='word_1_476' title='bbox 2045 4682 2255 4763; x_wconf 71' lang='lat' dir='ltr'><strong>reliquie</strong></span> <span class='ocrx_word' id='word_1_477' title='bbox 2324 4687 2355 4736; x_wconf 87' lang='lat'><strong>3</strong></span> <span class='ocrx_word' id='word_1_478' title='bbox 2392 4684 2445 4737; x_wconf 67' lang='grc' dir='ltr'><strong>,ιζ</strong></span> <span class='ocrx_word' id='word_1_479' title='bbox 2482 4682 2547 4735; x_wconf 88' lang='lat' dir='ltr'><strong>do</strong></span> <span class='ocrx_word' id='word_1_480' title='bbox 2574 4683 2870 4763; x_wconf 55' lang='lat' dir='ltr'><strong>maiascitul</strong></span> <span class='ocrx_word' id='word_1_481' title='bbox 2900 4683 3127 4763; x_wconf 55' lang='lat' dir='ltr'><strong>inquam</strong></span> 
     </span>
    </p>

    <p class='ocr_par' dir='ltr' id='par_1_10' title="bbox 603 4748 3516 4943">
     <span class='ocr_line' id='line_1_46' title="bbox 738 4748 3516 4833; baseline -0.002 -27"><span class='ocrx_word' id='word_1_482' title='bbox 738 4757 774 4806; x_wconf 80' lang='lat'>4</span> <span class='ocrx_word' id='word_1_483' title='bbox 808 4750 1134 4805; x_wconf 73' lang='lat' dir='ltr'><strong>koescwnlad</strong></span> <span class='ocrx_word' id='word_1_484' title='bbox 1167 4750 1217 4803; x_wconf 83' lang='lat' dir='ltr'><strong>.i.</strong></span> <span class='ocrx_word' id='word_1_485' title='bbox 1253 4750 1400 4803; x_wconf 72' lang='lat' dir='ltr'><strong>intua</strong></span> <span class='ocrx_word' id='word_1_486' title='bbox 1431 4748 1654 4803; x_wconf 72' lang='lat' dir='ltr'><strong>mbimmi</strong></span> <span class='ocrx_word' id='word_1_487' title='bbox 1688 4748 1938 4819; x_wconf 79' lang='lat' dir='ltr'><strong>ocaforbu</strong></span> <span class='ocrx_word' id='word_1_488' title='bbox 1970 4750 2065 4803; x_wconf 78' lang='grc' dir='ltr'><strong>εόπ</strong></span> <span class='ocrx_word' id='word_1_489' title='bbox 2134 4758 2163 4804; x_wconf 84' lang='grc'>5</span> <span class='ocrx_word' id='word_1_490' title='bbox 2201 4752 2254 4806; x_wconf 65' lang='grc'><strong>,1.</strong></span> <span class='ocrx_word' id='word_1_491' title='bbox 2288 4751 2528 4819; x_wconf 83' lang='lat' dir='ltr'><strong>iarforbu</strong></span> <span class='ocrx_word' id='word_1_492' title='bbox 2561 4768 2582 4803; x_wconf 73' lang='grc' dir='ltr'><strong>ι</strong></span> <span class='ocrx_word' id='word_1_493' title='bbox 2704 4768 2785 4805; x_wconf 84' lang='lat' dir='ltr'><strong>mo</strong></span> <span class='ocrx_word' id='word_1_494' title='bbox 2816 4766 2930 4805; x_wconf 81' lang='lat' dir='ltr'><strong>scre</strong></span> <span class='ocrx_word' id='word_1_495' title='bbox 2952 4750 3253 4833; x_wconf 70' lang='lat' dir='ltr'><strong>seidliytkeo</strong></span> <span class='ocrx_word' id='word_1_496' title='bbox 3274 4766 3371 4805; x_wconf 74' lang='lat' dir='ltr'><strong>cco</strong></span> <span class='ocrx_word' id='word_1_497' title='bbox 3422 4754 3453 4803; x_wconf 76' lang='grc'><strong>6</strong></span> <span class='ocrx_word' id='word_1_498' title='bbox 3472 4748 3516 4803; x_wconf 77' lang='grc' dir='ltr'><strong>ι’.</strong></span> 
     </span>
     <span class='ocr_line' id='line_1_47' title="bbox 603 4768 3153 4944; baseline 0 -70"><span class='ocrx_word' id='word_1_499' title='bbox 603 4818 1061 4944; x_wconf 54' lang='grc' dir='ltr'><strong>ἠοὸαθνιινόαέἒα</strong></span> <span class='ocrx_word' id='word_1_500' title='bbox 1094 4818 1286 4887; x_wconf 59' lang='lat' dir='ltr'><strong>mm</strong></span> <span class='ocrx_word' id='word_1_501' title='bbox 1313 4819 1400 4941; x_wconf 45' lang='grc' dir='ltr'><strong>ἵζε</strong></span> <span class='ocrx_word' id='word_1_502' title='bbox 1433 4836 1500 4873; x_wconf 79' lang='grc' dir='ltr'><strong>πο</strong></span> <span class='ocrx_word' id='word_1_503' title='bbox 1532 4818 1694 4873; x_wconf 59' lang='lat' dir='ltr'><strong>maula</strong></span> <span class='ocrx_word' id='word_1_504' title='bbox 1713 4818 1981 4889; x_wconf 73' lang='lat' dir='ltr'><strong>feidliyud</strong></span> <span class='ocrx_word' id='word_1_505' title='bbox 2011 4836 2103 4873; x_wconf 86' lang='lat' dir='ltr'><strong>oco</strong></span> <span class='ocrx_word' id='word_1_506' title='bbox 2138 4820 2311 4873; x_wconf 69' lang='lat' dir='ltr'><strong>ianam</strong></span> <span class='ocrx_word' id='word_1_507' title='bbox 2382 4825 2411 4872; x_wconf 85' lang='grc'><strong>7</strong></span> <span class='ocrx_word' id='word_1_508' title='bbox 2450 4821 2501 4874; x_wconf 68' lang='grc'><strong>,1.</strong></span> <span class='ocrx_word' id='word_1_509' title='bbox 2536 4768 2768 4875; x_wconf 50' lang='lat' dir='ltr'><strong>imus</strong></span> <span class='ocrx_word' id='word_1_510' title='bbox 2832 4825 2861 4872; x_wconf 85' lang='lat'><strong>8</strong></span> <span class='ocrx_word' id='word_1_511' title='bbox 2886 4820 3153 4889; x_wconf 67' lang='lat' dir='ltr'><strong>friam-cat</strong></span> 
     </span>
    </p>

    <p class='ocr_par' dir='ltr' id='par_1_11' title="bbox 745 4888 3515 5026">
     <span class='ocr_line' id='line_1_48' title="bbox 825 4888 1314 4942; baseline 0 0"><span class='ocrx_word' id='word_1_512' title='bbox 825 4907 846 4942; x_wconf 74' lang='grc' dir='ltr'><strong>ι</strong></span> <span class='ocrx_word' id='word_1_513' title='bbox 1001 4888 1314 4941; x_wconf 65' lang='lat' dir='ltr'><strong>adamae</strong></span> 
     </span>
     <span class='ocr_line' id='line_1_49' title="bbox 745 4955 3515 5036; baseline 0 -27"><span class='ocrx_word' id='word_1_514' title='bbox 745 4958 933 5012; x_wconf 78' lang='lat' dir='ltr'><strong>locid</strong></span> <span class='ocrx_word' id='word_1_515' title='bbox 1013 4958 1337 5036; x_wconf 71' lang='lat' dir='ltr'><strong>ilfi-imore</strong></span> <span class='ocrx_word' id='word_1_516' title='bbox 1417 4956 1708 5021; x_wconf 80' lang='lat' dir='ltr'><strong>12sombia</strong></span> <span class='ocrx_word' id='word_1_517' title='bbox 1789 4958 2140 5026; x_wconf 80' lang='lat' dir='ltr'><strong>13(inmarg</strong></span> <span class='ocrx_word' id='word_1_518' title='bbox 2140 4956 3055 5018; x_wconf 66' lang='lat' dir='ltr'><strong>..)i.imaoe7biidadamam.</strong></span> <span class='ocrx_word' id='word_1_519' title='bbox 3390 4955 3515 5011; x_wconf 56' lang='grc' dir='ltr'><strong>αι’.</strong></span> 
     </span>
    </p>
   </div>
   <div class='ocr_carea' id='block_1_7' title="bbox 603 4972 3511 5147">
    <p class='ocr_par' dir='ltr' id='par_1_12' title="bbox 603 4972 3511 5147">
     <span class='ocr_line' id='line_1_50' title="bbox 603 4972 3511 5147; baseline -0.002 -65"><span class='ocrx_word' id='word_1_520' title='bbox 603 5033 1029 5147; x_wconf 47' lang='lat' dir='ltr'><strong>{uhu-“gauqeserat</strong></span> <span class='ocrx_word' id='word_1_521' title='bbox 1118 5033 1178 5078; x_wconf 73' lang='lat'><strong>14</strong></span> <span class='ocrx_word' id='word_1_522' title='bbox 1218 5024 1517 5079; x_wconf 51' lang='lat' dir='ltr'><strong>&amp;ma-suida</strong></span> <span class='ocrx_word' id='word_1_523' title='bbox 1609 5030 1670 5080; x_wconf 82' lang='lat'><strong>15</strong></span> <span class='ocrx_word' id='word_1_524' title='bbox 1693 5024 1806 5094; x_wconf 76' lang='lat' dir='ltr'><strong>se&#39;le</strong></span> <span class='ocrx_word' id='word_1_525' title='bbox 1886 5028 1951 5079; x_wconf 82' lang='grc'><strong>16</strong></span> <span class='ocrx_word' id='word_1_526' title='bbox 1988 4972 2403 5079; x_wconf 58' lang='lat' dir='ltr'><strong>consociem-stud</strong></span> <span class='ocrx_word' id='word_1_527' title='bbox 2484 5033 2545 5079; x_wconf 82' lang='grc'><strong>17</strong></span> <span class='ocrx_word' id='word_1_528' title='bbox 2586 5028 2635 5080; x_wconf 65' lang='grc' dir='ltr'><strong>,ιζ</strong></span> <span class='ocrx_word' id='word_1_529' title='bbox 2671 5024 2877 5097; x_wconf 71' lang='lat' dir='ltr'><strong>duqm&#39;m</strong></span> <span class='ocrx_word' id='word_1_530' title='bbox 2911 5031 2942 5079; x_wconf 86' lang='grc'><strong>’1</strong></span> <span class='ocrx_word' id='word_1_531' title='bbox 2980 5029 3083 5083; x_wconf 76' lang='lat' dir='ltr'><strong>ime·</strong></span> <span class='ocrx_word' id='word_1_532' title='bbox 3302 5034 3367 5081; x_wconf 77' lang='lat'><strong>18</strong></span> <span class='ocrx_word' id='word_1_533' title='bbox 3401 5026 3511 5078; x_wconf 69' lang='lat' dir='ltr'><strong>du·-</strong></span> 
     </span>
    </p>
   </div>
   <div class='ocr_carea' id='block_1_8' title="bbox 3659 744 3663 1439">
    <p class='ocr_par' dir='ltr' id='par_1_13' title="bbox 3659 744 3663 1439">
     <span class='ocr_line' id='line_1_51' title="bbox 3659 744 3663 1439; baseline 0 0"><span class='ocrx_word' id='word_1_534' title='bbox 3659 744 3663 1439; x_wconf 95' lang='lat' dir='ltr'><strong> </strong></span> 
     </span>
    </p>
   </div>
  </div>
 </body>
</html>
