3717 5642
575 355 804 422 XXVI
869 357 1512 426 (XXXVI—XXXVIII)
1665 381 2045 431 PRAEFATIO
2088 383 2446 432 merolus.

475 601 480 609 .
577 545 702 610 huc
741 545 1108 627 redolentia,
1155 547 1270 612 sed
1300 549 1764 635 corruptionem
1793 551 2109 637 pristinae
2150 552 2563 639 ingenuitatis
2607 554 2861 620 iamiam
2905 555 3097 622 etiam
3138 557 3497 644 prodentia.

578 653 963 720 Vetustioris
1009 656 1234 722 aetatis
1280 659 1536 745 linguae
1581 659 1794 726 vicina
1839 672 1941 728 est
1983 663 2173 728 etiam
2216 664 2435 748 lingua
2460 665 2841 731 narrationis
2883 665 3251 732 hibernicae
3290 669 3499 734 editae

581 766 700 830 sub
743 764 926 830 titulo
969 766 1241 832 Dee-dri
1279 770 1361 834 ab
1407 768 1858 856 O’Flanagano
1902 773 1995 861 (p.
2042 775 2185 855 956,
2230 782 2359 838 not.
2402 774 2484 857 ⁸).
2574 774 2864 860 Vestigia
2906 777 3109 860 prima
3164 779 3354 844 huius
3402 803 3499 846 re-

579 874 884 942 centioris
937 878 1166 943 aetatis
1219 879 1490 946 offerunt
1541 882 1798 948 codices
1843 883 2084 948 saeculi
2130 882 2449 949 undecimi
2494 887 2816 968 exeuntis,
2876 909 2930 953 e.
2976 910 3067 973 gr.
3114 889 3319 954 codex
3363 889 3503 956 Ma-

579 984 742 1050 riani
787 983 966 1052 Scoti
1019 986 1480 1076 chronographi
1497 1041 1514 1070 ,
1571 991 1681 1076 qui
1739 1015 1855 1078 pro
1898 993 2247 1059 vetustiore
2300 1015 2406 1058 oen
2448 995 2701 1060 ebrecino
2752 997 2879 1062 iam
2924 999 3334 1085 scriptionem
3384 1023 3501 1086 qen

581 1095 858 1159 clav-edan
900 1096 1198 1179 ostendit,
1243 1119 1406 1183 quae
1448 1101 1637 1166 hodie
1681 1111 1780 1167 est
1817 1126 1947 1188 qan
1988 1103 2349 1186 chreideam,
2398 1103 2597 1188 [recte
2640 1113 2851 1172 autem
2892 1109 2961 1173 in
2988 1110 3379 1175 nominativo
3422 1113 3501 1193 ri,

580 1206 658 1284 ri,
703 1205 986 1270 nondum
1025 1209 1142 1294 riq,
1185 1217 1256 1273 ut
1293 1210 1360 1272 ri
1386 1210 1561 1296 loyen
1604 1211 1749 1296 (rex
1775 1212 2253 1299 Lageniorum),
2298 1217 2362 1277 η’
2384 1215 2540 1280 ulad
2580 1214 2724 1299 (rex
2752 1215 3205 1304 Ultoniorum)‚
3250 1223 3317 1284 ri
3342 1223 3505 1286 arad

581 1313 726 1397 (rex
753 1313 1165 1401 Dalaradiae)
1208 1318 1417 1385 Pertz.
1451 1323 1507 1402 7,
1540 1323 1683 1387 481.
1717 1322 1866 1408 559]
1916 1333 1981 1390 et
2022 1324 2165 1389 sine
2206 1345 2237 1388 e
2276 1323 2455 1389 finali
2496 1323 2862 1407 dameam,
2908 1327 3207 1394 clusenair
3251 1329 3366 1414 (cf.
3394 1354 3503 1396 πο-

585 1426 720 1506 tire,
768 1425 1004 1490 echaire
1029 1450 1091 1513 p.
1127 1428 1300 1512 780),
1347 1438 1414 1494 et
1439 1430 1641 1496 codex
1673 1431 2435 1520 Claustroneoburgensis
2464 1435 2873 1503 consentiens
2906 1438 3249 1525 scriptione
3278 1463 3507 1507 vocum

583 1534 774 1622 ναίέρ,
813 1535 1136 1624 qombond,
1185 1537 1316 1604 la'in
1357 1540 1746 1633 aliarumque
1789 1541 1902 1633 (cf.
1944 1567 2055 1634 pp.
2086 1545 2231 1612 954.
2263 1545 2406 1627 961,
2436 1543 2619 1631 not).

1393 1935 1907 2006 CODICES
1974 1938 2708 2008 BRITANNICI.

755 2085 1000 2154 Extant
1061 2090 1356 2156 cambrici
1425 2092 1684 2178 quidam
1748 2093 2047 2179 aequales
2109 2091 2457 2159 hibernicis
2526 2093 2855 2160 codicibus
2932 2095 3319 2161 enumeratis
3384 2103 3515 2160 tam

591 2203 800 2264 aetate
865 2221 1050 2283 quam
1093 2202 1410 2268 contentis
1423 2253 1442 2285 ,
1507 2203 1744 2288 glossis
1785 2204 2037 2270 scilicet
2097 2205 2331 2270 additis
2390 2205 2472 2270 ad
2524 2212 2735 2270 textus
2794 2203 3174 2270 vetustiores
3190 2256 3208 2286 ,
3276 2207 3518 2272 servati

577 2304 920 2391 Oxoniae,
963 2311 1046 2376 ob
1088 2333 1252 2397 quos
1294 2313 1636 2398 praecipue
1680 2313 1869 2379 etiam
1912 2313 2310 2388 Britanniam
2352 2314 2526 2379 adire
2570 2314 2889 2380 necessari
2898 2337 3004 2380 um
3046 2316 3217 2383 duxi.
3304 2316 3519 2382 Acce-

593 2417 754 2482 dunt
814 2419 916 2486 his
969 2420 1100 2486 alia
1153 2432 1560 2488 monumenta
1617 2433 1909 2492 vetustae
1963 2426 2221 2511 linguae
2276 2424 2629 2489 cambricae
2682 2424 2973 2507 inventa,
3039 2435 3110 2491 ut
3171 2426 3240 2490 in
3294 2426 3522 2492 codice

479 2613 488 2622 ·
594 2527 1028 2596 Lichfeldensi
1083 2541 1148 2596 et
1188 2531 1768 2620 Luxemburgensi,
1837 2543 1903 2600 et
1951 2535 2078 2600 iam
2128 2534 2303 2620 typis
2355 2534 2689 2620 impressa.
2793 2534 3028 2601 Omnia
3076 2545 3293 2602 tamen
3357 2535 3524 2602 haec

595 2639 856 2704 multum
896 2639 1246 2708 hibernicis
1290 2653 1684 2730 superantur,
1709 2632 1871 2710 ¹sive
1912 2645 2181 2712 habetur
2224 2643 2451 2729 copiae
2476 2644 2639 2710 ratio
2683 2645 2822 2712 sive
2852 2646 3178 2712 doctrinae
3222 2655 3289 2711 et
3316 2645 3523 2732 scrip-

596 2757 806 2832 turae,
869 2773 1031 2838 quae
1086 2752 1156 2817 in
1207 2755 1585 2840 quibusdam
1643 2765 1742 2820 est
1795 2755 2075 2842 impura,
2140 2753 2438 2835 barbara,
2512 2756 2801 2840 quamvis
2856 2756 3113 2842 linguae
3156 2755 3522 2821 cambi-icae

598 2858 804 2944 ipsius
835 2861 1359 2930 animadvertitur
1399 2865 1710 2930 vetustior
1751 2865 1995 2952 puritas
2042 2875 2107 2930 et
2137 2864 2438 2951 gravitas.
2517 2863 2919 2948 -Poematum,
2966 2866 3326 2960 chartarum
3368 2886 3529 2930 con-

598 2969 934 3036 tinentium
975 2995 1270 3060 agrorum
1310 2974 1416 3039 vel
1444 2974 1664 3040 finium
1697 2975 2159 3062 descriptiones
2204 2986 2395 3060 atque
2422 2974 2636 3060 legum
2664 2977 3122 3042 cambi-icarum
3162 2995 3329 3062 quae
3374 2985 3531 3040 sunt

599 3079 888 3146 eiusdem
942 3083 1170 3150 aetatis
1221 3085 1328 3150 vel
1368 3085 1735 3151 vetustioris
1787 3085 1891 3150 vel
1936 3084 2127 3150 etiam
2180 3073 2372 3172 paulo
2414 3085 2818 3168 recentioris,
2874 3109 3007 3151 non
3065 3087 3137 3151 in
3192 3084 3529 3152 codicibus

600 3191 972 3275 aequalibus
1019 3193 1280 3280 scriptis
1321 3217 1397 3261 eo
1441 3205 1742 3283 tempore,
1787 3218 1917 3282 quo
1960 3205 2101 3260 orta
2142 3203 2293 3260 sunt
2332 3195 2479 3281 ipsa
2518 3205 2927 3262 monumenta
2968 3195 3171 3282 (quos
3198 3194 3373 3261 solos
3416 3217 3533 3262 co-

601 3300 778 3366 dices
833 3303 1084 3388 quaerit
1124 3304 1382 3390 linguae
1425 3315 1719 3372 vetustae
1759 3305 2165 3391 indagator),
2233 3316 2485 3372 servata
2540 3316 2693 3372 sunt
2710 3354 2729 3388 ,
2794 3307 2907 3372 sed
2952 3306 3019 3370 in
3058 3303 3530 3372 recentioribus

599 3412 984 3498 transcripta
1025 3422 1090 3479 et
1129 3414 1574 3481 transformata
1613 3415 2037 3482 inveniuntur.
2126 3416 2542 3482 Aremoricae
2598 3423 2890 3482 vetustae
2950 3415 3215 3501 glossae
3264 3414 3372 3480 vel
3428 3437 3532 3482 re-

600 3523 874 3590 lationes
915 3523 1176 3589 omnino
1221 3525 1453 3590 desunt
1508 3525 1808 3612 (excepta
1851 3549 1979 3591 una
2019 3526 2155 3612 agri
2200 3526 2630 3612 descriptione
2672 3526 2851 3592 brevi
2894 3527 2963 3590 in
3018 3523 3241 3590 charta
3280 3547 3339 3590 a.
3370 3525 3532 3608 8213

569 3631 680 3698 ·cf.
725 3656 787 3720 p.
833 3635 1019 3719 663),
1074 3634 1189 3700 sed
1243 3645 1464 3700 extant
1521 3635 1903 3702 chartularis
1954 3636 2493 3702 monasteriorum·
2520 3657 2813 3721 magnam
2862 3635 3190 3700 nominum
3232 3635 3533 3720 proprio-

601 3765 737 3806 rum
763 3745 1138 3829 praesertim
1180 3744 1454 3811 virorum
1483 3746 1734 3832 copiam
1777 3747 2170 3814 continentia
2210 3745 2289 3818 in,
2306 3746 2542 3812 chartis
2572 3744 2747 3812 datis
2778 3745 2930 3810 inde
2974 3767 3015 3809 a
3042 3744 3299 3812 saeculo
3326 3767 3532 3828 nono,

605 3877 685 3918 ex
713 3865 894 3941 parte
934 3862 1182 3920 tantum
1208 3856 1380 3942 typis
1423 3857 1756 3943 impressa.
1841 3856 2028 3938 Quae
2070 3866 2141 3921 ut
2166 3857 2356 3942 plene
2402 3864 2467 3921 et
2492 3855 2856 3940 incorrupte
2882 3851 3126 3940 publici
3153 3853 3311 3920 iuris
3344 3855 3531 3937 fiant,

605 3973 707 4030 est
746 3985 1130 4051 magnopere
1182 3967 1543 4051 optandum.
1632 3965 1977 4034 Cornicum
2020 3967 2523 4032 vetustissimum
2565 3973 3039 4030 monumentum
3080 3971 3183 4029 est
3224 3962 3532 4030 Vocabu-

607 4073 834 4139 larium
889 4075 1128 4140 saeculi
1173 4076 1422 4142 circiter
1463 4078 1634 4142 tertii
1676 4076 1935 4153 decimi,
1993 4075 2295 4143 Londinii
2341 4087 2753 4142 asservatum.
2849 4075 2929 4140 In
2970 4074 3072 4140 his
3117 4095 3269 4159 ergo
3320 4074 3539 4141 maior

608 4183 797 4251 etiam
840 4186 1361 4252 animadvertitur
1398 4167 1685 4274 penuria.

775 4295 996 4364 Trium
1026 4297 1436 4364 dialectorum
1479 4297 1785 4386 ampliora
1826 4306 2235 4364 monumenta
2277 4296 2529 4362 demum
2573 4317 2654 4360 ex
2682 4317 2809 4360 uno
2854 4292 3203 4380 eodemque
3243 4302 3540 4379 tempore

606 4407 860 4474 circiter
903 4415 1150 4490 extant,
1209 4410 1464 4475 saeculo
1509 4419 1732 4495 quarto
1778 4408 2026 4474 decimo
2046 4459 2063 4489 ,
2106 4407 2280 4493 typis
2326 4407 2640 4492 impressa
2678 4405 2804 4472 iam
2845 4403 3089 4485 omnia,
3133 4404 3539 4472 narrationes

610 4517 854 4583 codicis
895 4518 1070 4584 rubri
1115 4520 1496 4601 cambricae,
1553 4520 1774 4606 passio
1821 4517 2060 4584 Christi
2114 4516 2372 4583 comica
2425 4525 2489 4581 et
2528 4515 2663 4581 vita
2714 4513 2782 4580 S.
2824 4513 3104 4580 Nonitae
3158 4515 3538 4598 aremorica,

611 4652 690 4696 ex
721 4627 952 4715 quibus
996 4651 1160 4715 quae
1201 4629 1563 4696 defecerant
1599 4638 2139 4694 monumentorum
2172 4626 2538 4692 vetustioris
2578 4624 2805 4690 aetatis
2842 4622 3125 4710 penuria,
3174 4623 3547 4710 supplenda

613 4748 795 4806 erant
844 4739 916 4804 in
965 4739 1089 4806 hoc
1145 4762 1355 4825 opere.
1441 4739 1585 4806 Hos
1629 4738 1887 4805 codices
1947 4737 2053 4804 vel
2114 4759 2323 4802 eorum
2372 4735 2687 4801 editiones
2744 4734 3123 4802 enumerabo
3180 4733 3543 4798 secundum

613 4849 922 4916 dialectos
963 4850 1162 4934 ipsas.

783 4958 1124 5027 Codices
1169 4982 1332 5025 cam
1349 4960 1576 5025 brici.
1667 4963 1722 5022 1.
1769 4956 2161 5024 Oxoniensis
2192 4955 2393 5044 prior:
2439 4955 2640 5021 codex
2672 4953 3063 5020 Oxoniensis
3106 4949 3547 5021 bibliothecae

611 5071 1006 5138 Bodleianae
1052 5071 1388 5136 distinctus
1435 5071 1750 5158 quondam
1790 5079 1944 5134 nota
1985 5065 2127 5132 NE.
2173 5065 2256 5130 D.
2291 5067 2347 5130 2.
2386 5068 2481 5147 19,
2526 5073 2698 5131 nunc
2738 5065 2929 5131 Auct.
2953 5062 3027 5129 F.
3061 5063 3295 5144 4—32‚
3336 5085 3547 5128 mem-

613 5183 967 5250 branaceus
1007 5181 1244 5248 formae
1285 5180 1576 5263 minoris,
1634 5201 1670 5245 e
1723 5178 2013 5269 pluribus
2069 5175 2383 5244 codicillis
2436 5183 2833 5266 compactus,
2886 5173 3251 5262 descriptus
3306 5172 3443 5244 iam
3504 5198 3550 5242 a

727 5295 750 5330 N
