3717 5642
639 363 769 430 -796
837 368 1013 428 (756-
1029 369 1154 430 758)
1224 365 1303 432 V.
1363 371 1416 432 1.
1481 387 1848 435 numum-10
1893 387 2183 438 GAmeA
2222 390 2313 436 m*
2354 389 2721 438 mammos
2763 390 3095 440 Tannum.

647 573 982 634 evanesco,
1029 552 1150 619 Ox.
1196 553 1276 617 δ”.
1316 555 1397 617 δ”.
1439 555 1528 636 2”’;
1584 556 1624 620 i.
1667 579 1721 622 e.
1767 555 1935 622 facio
1982 558 2353 644 auspicium,
2398 559 2788 639 contionem,
2849 559 3294 645 defectionem)
3333 559 3433 628 Ml.
3468 563 3531 628 2⁸.

650 655 742 718 At
791 655 1106 720 cambrica
1145 655 1308 722 haec
1350 658 1550 722 forma
1592 657 1740 723 oriri
1783 659 1991 745 potuit
2010 683 2113 726 ·ex
2157 683 2373 745 —ayam
2416 661 2512 746 (p.
2548 659 2732 744 140),
2778 683 2907 726 non
2952 659 3159 748 potuit
3202 684 3279 726 ex
3320 661 3533 728 deriva-

649 755 821 820 tione
871 755 1352 840 adjectivorum,
1413 759 1542 824 hib.
1593 760 1769 838 -aclz,
1826 761 2057 826 cambr.
2102 785 2279 843 -auc,
2336 784 2417 826 ex
2464 782 2589 846 qua
2629 762 2948 828 cambrice
3004 761 3259 846 prodire
3300 763 3533 830 debebat

643 880 842 922 -ocam
884 857 1062 943 (hod.
1115 858 1360 944 myas).
1461 858 1678 940 Quare
1721 862 2073 947 quaeritur,
2133 886 2215 928 an
2254 863 2455 930 forma
2498 862 2827 928 hibernica
2870 863 3130 929 diversa
3182 865 3263 929 ab
3302 863 3413 930 hac
3448 866 3529 946 sit,

644 959 910 1044 originis
957 959 1239 1026 eiusdem
1290 961 1471 1025 cuius
1515 961 1716 1026 forma
1756 964 1933 1028 verbi
1980 965 2432 1030 denominativi
2475 963 2701 1031 neutri.

815 1057 1083 1127 Conexa
1127 1062 1435 1128 derivatio
1481 1061 1798 1128 invenitur
1826 1065 2018 1146 nulla,
2064 1065 2190 1132 nisi
2234 1063 2394 1130 forte
2424 1065 2486 1130 Ν
2488 1064 2551 1132 G
2596 1065 2765 1132 inest
2810 1064 3106 1130 derivans
3151 1065 3221 1130 in
3248 1067 3531 1134 adiectivo

643 1163 919 1247 tualany,
965 1163 1246 1250 tualainy
1291 1165 1404 1250 (gn
1417 1162 1595 1248 arus)
1641 1187 1741 1251 pp.
1784 1167 1883 1229 22.
1918 1169 2059 1246 234,
2106 1166 2173 1231 in
2218 1188 2344 1253 quo
2372 1167 2611 1232 rectius
2656 1167 2848 1232 statui
2892 1166 3142 1232 videtur
3172 1168 3533 1254 compositio,

643 1261 879 1346 pariter
923 1273 1109 1348 atque
1155 1265 1223 1330 in
1267 1266 1560 1331 thematis
1589 1267 1828 1353 sialanq
1875 1267 2091 1354 (pati),
2137 1291 2399 1354 cumanq
2442 1267 2736 1353 (valere),
2782 1281 3059 1353 tecmauq
3104 1268 3457 1354 (accidere).

1631 1541 1690 1604 4.
1757 1537 2183 1605 Derivatio
2226 1539 2598 1605 tenuium.

808 1670 862 1736 P
911 1671 1434 1758 quemadmodum
1481 1676 1812 1761 angustius
1856 1683 2033 1760 patet
2074 1674 2241 1740 inter
2270 1685 2513 1756 tenues,
2560 1675 2651 1738 ita
2676 1675 2879 1740 rarius
2911 1676 3213 1742 derivans
3256 1675 3545 1742 invenitur

641 1773 710 1838 in
753 1773 1120 1840 nominibus
1165 1775 1435 1861 gallicis.
1531 1775 1730 1842 Extat
1773 1776 2135 1844 combinata
2176 1799 2317 1842 cum
2372 1776 2576 1842 tribus
2632 1777 2963 1843 vocalibus
3016 1801 3091 1855 a,
3128 1781 3181 1859 i,
3230 1802 3289 1842 u.
3384 1775 3543 1842 AR:

642 1873 932 1962 Menapii
965 1874 1144 1962 (pop.
1178 1876 1374 1963 belg.)
1409 1876 1598 1945 Caes.
1672 1877 1985 1963 Menapia
2025 1878 2269 1962 (insula
2296 1900 2500 1964 prope
2526 1876 2718 1963 Brit.)
2752 1877 2919 1944 Plin.
2949 1881 3009 1960 4,
3048 1879 3143 1943 16.
3214 1873 3545 1958 Μαναπία,

647 1970 1008 2038 March-nm
1053 1977 1299 2064 (oppid.
1347 1991 1412 2044 et
1453 2001 1600 2066 pop.
1645 1979 1951 2063 Hibern.)
1994 1978 2161 2046 Ptol.
2222 1973 2314 2043 ‘in
2358 2001 2527 2065 pago
2570 1979 3005 2046 Madriacinse
3046 1978 3299 2060 Vinius,
3344 1975 3549 2046 Cama·

640 2077 749 2165 pio
808 2088 872 2144 et
913 2069 1227 2145 Niventis’
1279 2079 1432 2166 dipl.
1478 2102 1536 2146 a.
1570 2083 1728 2162 775,
1787 2080 2035 2146 Mabill.
2080 2081 2235 2166 dipl.
2292 2104 2355 2166 p.
2399 2082 2543 2146 498.
2605 2073 2947 2168 ‘Gamapio
2992 2071 3149 2148 vico'
3210 2079 3459 2148 D’Ach.
3496 2081 3547 2158 2,

644 2181 744 2246 86.
830 2178 981 2245 ΙΡ-ε
1044 2180 1368 2267 Warsipio
1413 2181 1601 2267 (loc.)
1643 2182 1934 2248 Martene
1980 2185 2039 2266 2,
2072 2185 2172 2248 20.
2269 2180 2445 2250 UP-:
2500 2179 2821 2270 Rutupiae
2866 2183 3055 2268 (Brit.
3104 2183 3359 2270 oppid.)
3400 2182 3544 2248 Ptol.

640 2281 956 2347 Ammian.
1003 2283 1150 2348 Itin.
1197 2282 1386 2349 tellus
1425 2283 1769 2372 Rutupina,
1815 2283 2178 2371 Rutupinus
2224 2308 2393 2370 ager,
2438 2285 2685 2350 Auson.
2731 2295 2977 2371 parent.
3026 2286 3083 2366 7,
3121 2285 3219 2350 18.
3313 2283 3553 2350 Conexa

643 2382 770 2448 MP
819 2383 1092 2450 fortasse
1133 2386 1202 2450 in
1245 2408 1412 2451 nom.
1456 2387 1606 2453 fluv.
1651 2385 2025 2472 war-timpa,
2070 2385 2292 2453 Labbe
2337 2389 2396 2470 2,
2428 2388 2575 2452 665.

809 2639 1254 2707 Hibernica
1293 2643 1512 2729 lingua
1554 2641 1720 2708 hanc
1750 2652 2025 2722 tenuem,
2075 2664 2263 2728 quam
2304 2665 2389 2707 ne
2432 2643 2501 2706 in
2542 2641 2689 2727 ipsa
2730 2640 2981 2727 quidem
3025 2639 3243 2705 radice
3288 2641 3555 2706 servavit

642 2741 734 2828 (p.
777 2742 919 2825 66),
977 2742 1234 2808 omnino
1291 2745 1500 2810 nescit
1553 2745 1967 2809 derivantem.
2072 2744 2183 2808 Ad
2225 2743 2278 2808 P
2335 2767 2375 2809 a
2415 2743 2480 2826 Q
2531 2742 2877 2829 profectam
2935 2739 3209 2806 conferri
3272 2723 3583 2827 poterunt'

648 2843 956 2928 quaedam
1001 2845 1294 2931 exempla
1334 2845 1463 2912 hib.
1507 2869 1557 2926 c,
1603 2846 1676 2909 ch
1719 2842 2101 2926 derivantis,
2145 2841 2599 2931 respondentia
2640 2841 3012 2908 britannicis
3058 2841 3123 2904 in
3160 2863 3211 2926 p
3254 2841 3357 2927 (h)
3399 2843 3552 2907 desi·

646 2945 964 3027 nantibus,
1009 2955 1081 3010 ut
1120 2946 1249 3012 hib.
1294 2947 1492 3028 enech,
1540 2945 1681 3010 hod.
1729 2947 1990 3028 eineach,
2036 2969 2225 3011 arem.
2268 2968 2414 3032 enep
2457 2945 2738 3030 (facies).

814 3198 869 3265 T
910 3199 1206 3268 derivans
1247 3202 1318 3266 in
1365 3201 1728 3266 nominibus
1769 3201 2022 3285 gallicis
2076 3200 2181 3268 vel
2219 3199 2593 3268 britannicis
2636 3198 2905 3266 vetustis
2962 3198 3034 3283 a)
3080 3197 3423 3283 singularis
3460 3219 3555 3264 ac-

645 3300 882 3369 cedens
927 3303 1006 3368 ad
1035 3303 1314 3371 radicem
1356 3302 1422 3368 in
1453 3303 1654 3368 subst.
1689 3302 1871 3366 oratu
1911 3301 2068 3386 (abl.
2100 3300 2483 3386 βρατουὸε),
2526 3303 2593 3366 in
2624 3299 2995 3386 compositis
3022 3297 3552 3386 Bratuspantium,

649 3399 1100 3489 vergobretus,
1149 3403 1509 3472 ambactus*
1553 3402 1763 3486 Caes„
1808 3403 1877 3469 in
1922 3405 2283 3470 nominibus
2330 3401 2576 3484 Celtas,
2622 3400 2915 3469 Celtillus
2960 3399 3179 3482 Caes„
3228 3398 3549 3480 contectos,

643 3501 903 3586 Meltus,
949 3502 1244 3586 Crestus,
1293 3503 1576 3592 Graptus
1619 3505 1822 3573 Inscr.
1872 3505 2098 3588 (Beitr.
2143 3504 2221 3570 V.
2255 3503 2397 3589 96),
2457 3505 2523 3569 in
2568 3505 2692 3570 adi.
2737 3515 2987 3592 -9natus
3028 3503 3357 3569 nominum
3394 3523 3552 3568 com·
3642 3547 3644 3600 }

642 3605 1014 3691 positorum,
1058 3617 1130 3672 ut
1171 3606 1603 3694 Critognatus‚
1647 3608 2116 3692 Boduognatus
2164 3615 2282 3672 etc.
2328 3605 2422 3692 (p.
2459 3605 2591 3690 16),
2638 3628 2673 3671 e
2714 3605 2931 3671 radice
2954 3606 3087 3692 qna*
3125 3604 3223 3690 (p.
3255 3603 3397 3688 25);
3438 3603 3553 3669 for·

647 3715 823 3772 tasse
866 3707 933 3771 in
979 3709 1340 3776 nominibus
1385 3709 1828 3775 Verucloetius
1876 3707 2196 3793 (Helvet.)
2244 3707 2433 3776 Caes.
2498 3705 2965 3772 Indutiomarus
3012 3703 3207 3772 Caes.
3254 3702 3392 3772 Cic.

816 3806 882 3893 b)
937 3809 1100 3876 Cum
1147 3809 1474 3876 vocalibus
1529 3811 1838 3897 correptis
1892 3819 2017 3875 tam
2068 3809 2419 3876 terminalis
2462 3809 2767 3875 thematis·
2822 3830 3009 3894 quam
3068 3817 3343 3893 excepta
3380 3827 3555 3874 voca·

642 3909 832 3975 libus.
919 3910 1096 3977 AT-:
1161 3913 1536 3978 Atrebatum
1589 3922 1789 3978 terras
1833 3921 2231 3998 pervaserat,
2292 3911 2511 3977 Sidon.
2556 3933 2745 3976 carm.
2779 3913 2838 3992 5,
2870 3910 3013 3974 212.
3071 3908 3370 3974 Abbatus
3410 3907 3551 3992 (v.l.
3641 3997 3642 4000 Ἴ

644 4011 908 4094 Acatus,
955 4023 1022 4078 at
1047 4013 1280 4100 Batus)
1327 4036 1563 4094 amens,
1611 4013 1726 4082 Sil.
1773 4012 1907 4079 Ital.
1954 4016 2013 4095 4,
2046 4015 2188 4079 239.
2275 4011 2437 4078 Sunt
2466 4013 2739 4098 plurima
2780 4011 3040 4077 nomina
3066 4008 3376 4076 formulae
3416 4009 3553 4074 sim·

645 4112 838 4198 plicis
884 4114 990 4178 vel
1031 4115 1269 4181 mixtae
1314 4137 1454 4182 cum
1484 4115 1834 4197 vocalibus,
1884 4117 1999 4182 sed
2046 4116 2152 4180 vix
2194 4115 2428 4201 poterit
2470 4113 2767 4180 affirmari
2809 4113 3050 4179 vocalis
3080 4135 3123 4176 a
3168 4121 3457 4198 correpta
3494 4111 3551 4175 in

645 4214 970 4282 omnibus:
1027 4209 1342 4278 Γαισάτοι
1390 4216 1623 4303 (pilati,
1654 4242 1717 4305 p.
1747 4217 1883 4303 52),
1938 4211 2225 4278 Γαλάται
2276 4214 2437 4299 (rad.
2482 4214 2611 4280 hib.
2645 4214 2785 4281 brit.
2814 4215 2951 4301 yal)
2980 4212 3211 4298 Polyb.
3280 4212 3553 4280 Sematus

645 4314 849 4382 Inscr.
893 4315 1126 4382 Murat.
1164 4320 1300 4400 167,
1334 4318 1392 4380 2.
1451 4316 1764 4384 Liudatus
1810 4314 1993 4383 Grut.
2031 4319 2211 4399 1159,
2243 4319 2299 4382 2.
2368 4315 2604 4383 Sedato
2650 4315 2835 4400 (deo)
2877 4315 3089 4381 Inscr.
3140 4313 3341 4382 Orell.
3380 4313 3551 4379 2043.

645 4419 830 4482 4972.
885 4416 1160 4485 Oasatus
1195 4416 1390 4485 Orell.
1428 4419 1610 4486 1986.
1667 4417 1889 4487 Cirata
1917 4417 2111 4503 (fem,
2142 4417 2413 4502 Ner-via)
2447 4416 2643 4484 Orell.
2675 4417 2861 4482 2976.
2915 4415 3169 4498 cerate,
3199 4413 3551 4484 Cer-atensis

543 4573 556 4582 .
649 4517 830 4585 vicus
875 4517 1074 4607 Greg.
1120 4520 1271 4587 Tur.
1348 4515 1725 4605 Βριουιὲιης
1769 4513 2019 4605 (λιμήν,
2066 4518 2233 4585 Gall.
2278 4517 2604 4605 Lugdun.)
2647 4518 2813 4584 Ptol.
2877 4516 3139 4583 Brivate
3185 4517 3382 4602 (nom.
3424 4516 3551 4582 Bri-

780 4742 806 4770 ·
841 4741 897 4794 Si
932 4756 996 4794 cx
1031 4742 1454 4810 interpretatione
1487 4742 1704 4812 gallicae
1739 4743 1879 4794 vocis
1914 4755 2109 4794 meon
2143 4755 2225 4807 ap.
2262 4739 2396 4790 Plin.
2423 4743 2504 4802 25,
2530 4743 2587 4792 6:
2624 4741 2941 4792 ‘centaurion
2976 4739 3137 4792 nostri
3184 4739 3251 4792 fel
3286 4744 3449 4792 terrae
3478 4753 3549 4790 vo·

643 4813 766 4862 cant
799 4814 1007 4878 propter
1043 4811 1438 4864 amaritudinem
1477 4827 1757 4874 summam,
1802 4809 1948 4863 Gaui
1978 4823 2197 4872 παι-οη,
2284 4808 2489 4860 uoniam
2528 4809 2700 4861 omnia
2732 4809 2871 4862 mala
2904 4809 3285 4861 medicamenta
3326 4815 3498 4877 potum
3528 4821 3551 4857 e
3637 4841 3638 4846 ,

642 4893 850 4946 corpore
890 4879 1064 4947 exigat
1099 4895 1190 4948 per
1224 4879 1424 4943 alvum',
1461 4880 1697 4948 colligere
1731 4879 1911 4932 liceret
1943 4877 2165 4930 radicem
2200 4893 2267 4944 ga
2308 4877 2436 4928 'cam
2476 4893 2541 4928 ac
2574 4877 2789 4930 eandem
2826 4893 2981 4946 quam
3015 4878 3105 4930 lat.
3141 4893 3210 4946 aq
3244 4879 3459 4946 (agere),
3488 4877 3549 4927 fa·
3637 4873 3638 4940 1

641 4947 739 5000 cile
775 4952 911 5000 esset
953 4948 1074 5000 inde
1121 4949 1454 5016 compositam
1501 4963 1676 5002 vocem
1713 4947 1977 5000 ambactus
2024 4950 2223 5016 putare.
2304 4945 2377 4998 At
2411 4945 2545 4998 alius
2573 4947 2731 5027 plane
2766 4947 3061 4998 intellectus
3096 4945 3278 4999 subest
3308 4946 3465 4999 radici
3496 4959 3553 4994 cc

643 5019 752 5068 tam
795 5016 852 5068 in
889 5016 1153 5069 hibernica
1186 5031 1308 5069 voce
1343 5021 1546 5070 vetusta
1581 5019 1742 5070 aiem
1773 5019 1999 5086 (genus),
2086 5031 2207 5066 uam
2256 5014 2313 5065 in
2347 5015 2615 5068 cambricis
2648 5013 2747 5066 ach
2782 5016 3013 5083 (genus),
3058 5012 3283 5068 acham
3322 5015 3361 5079 (i
3464 5017 3551 5073 en}-

643 5083 808 5164 Quare
841 5085 1046 5137 facilius
1079 5089 1339 5153 repetetur
1371 5086 1559 5154 gallica
1593 5101 1708 5149 vox,
1743 5101 1877 5155 quas
1912 5085 2045 5154 signi
2084 5086 2169 5136 cat
2202 5083 2591 5147 circumactum,
2625 5085 3043 5146 circumeuntem,
3079 5099 3114 5135 a
3146 5083 3319 5137 radice
3356 5083 3407 5135 hi
3444 5123 3458 5135 .
3476 5097 3547 5148 ⁶9,

558 5217 565 5223 Ι
641 5150 1028 5223 significationis
1063 5169 1166 5206 non
1201 5153 1428 5207 diversae
1463 5170 1496 5206 a
1529 5154 1709 5219 latina,
1743 5156 1798 5207 in
1835 5151 2079 5222 omniq,
2114 5151 2320 5219 atobmy
2355 5153 2430 5220 (p.
2456 5155 2594 5217 328),
2630 5153 2838 5204 macc
2872 5153 2945 5223 (p.
2972 5155 3113 5218 455).
