3717 5642
620 336 747 402 890
809 334 948 396 (860.
975 337 1092 400 861)
1326 333 1407 400 V.
1453 333 1511 402 2.
1578 348 1989 400 σοιαΡοειπο
2031 347 2444 398 uma-Amnes
2485 345 2829 396 somma.

611 533 684 590 ut
725 523 1001 611 llyyotwr
1050 521 1348 607 (murium
1391 519 1706 604 venator),
1753 541 1961 586 canwr
2004 517 2303 602 (cantor),
2348 527 2579 582 canum·
2621 513 2791 601 (id.),
2836 515 3068 601 quibus
3110 511 3519 600 respondeant

611 625 922 692 feminina
964 625 1031 689 in
1070 623 1339 711 qwraiqz
1387 621 1788 708 llyqotwraiq,
1833 621 2166 704 canwraz'q,
2210 622 2569 705 cantwraiy.

791 725 1005 812 Magis
1052 725 1264 810 digna,
1308 745 1474 808 quae
1518 723 1887 810 diligentius
1932 729 2391 801 enumerentur,
2438 729 2587 786 sunt
2612 717 2970 783 britannica
3008 714 3415 784 substantiva
3438 735 3516 793 ea,

617 851 782 914 quae
836 827 976 894 sive
1018 827 1468 892 obsoleverunt
1519 835 1700 890 extra
1743 823 2267 910 compositionem
2287 873 2304 904 ,
2364 823 2503 888 sive
2556 819 2913 886 etiamnunc
2970 827 3221 898 extant,
3282 817 3365 880 ob
3416 813 3517 880 fre-
3651 811 3652 820 ³

616 930 1014 1016 quentiorem
1061 950 1238 993 usum
1284 926 1353 991 in
1397 926 1750 1012 posteriore
1792 919 1936 992 loco
1980 923 2471 1011 compositorum
2514 922 2902 988 transierunt
2942 921 3075 986 fere
3114 921 3186 984 in
3238 916 3517 984 formulas

617 1029 1001 1096 derivantes.
1079 1027 1242 1094 Sunt
1287 1027 1592 1094 eiusmodi
1635 1048 1739 1090 ma
1779 1027 2010 1112 (man),
2051 1026 2232 1113 qued,
2278 1025 2393 1106 bot,
2436 1024 2631 1108 νωμᾶ,
2674 1023 2765 1104 lit,
2810 1023 3149 1088 subiuncta
3191 1017 3517 1086 substanti-

617 1131 719 1196 vis
762 1129 868 1197 vel
910 1130 1265 1210 adiectivis,
1313 1151 1475 1215 quae
1519 1137 1903 1214 conspectus
1949 1149 2144 1194 causa
2182 1126 2304 1192 hoc
2345 1126 2488 1191 loco
2531 1147 2659 1190 una
2694 1123 3110 1210 proferuntur.

785 1229 922 1298 MA
966 1233 1196 1318 (locus,
1242 1255 1352 1319 pp.
1393 1231 1454 1296 4.
1504 1229 1652 1310 1363
1717 1230 1954 1295 cambr.
2003 1227 2147 1295 hod.
2178 1227 2341 1312 -fa):
2397 1229 2679 1292 marima
2736 1224 2852 1311 (gl.
2897 1225 2966 1290 in
3006 1245 3245 1310 agone3
3298 1222 3422 1306 leg.
3461 1243 3519 1285 en

619 1335 830 1398 aima
843 1332 903 1418 P)
959 1333 1042 1419 gl.
1089 1333 1250 1399 be.
1321 1333 1597 1418 diqatma
1641 1331 1756 1417 (gl.
1802 1353 1971 1413 area,
2018 1330 2099 1417 gl.
2148 1328 2388 1413 circus)
2432 1327 2515 1416 31.
2550 1326 2671 1394 Ox.
2704 1328 2827 1393 37⁶.
2859 1326 2989 1408 38³,
3046 1327 3208 1412 plur.
3256 1328 3523 1389 aimon
3650 1343 3652 1350 ·

617 1434 732 1520 (gl.
767 1433 1090 1500 machide.
1109 1460 1154 1514 ‚3
1198 1434 1240 1498 i.
1273 1456 1328 1500 e
1376 1432 1502 1497 loci
1540 1453 1812 1517 pugnae,
1859 1436 1979 1516 air,
2012 1431 2218 1516 acies)
2247 1429 2329 1517 gl.
2362 1428 2543 1510 be.,
2588 1428 3009 1514 irdiqatmaou
3050 1426 3167 1512 (gl.
3199 1426 3391 1511 circi)
3419 1424 3521 1491 Ox.

615 1533 739 1617 39⁵,
779 1537 1194 1622 quaroimaou
1231 1525 1352 1620 ’(31.
1384 1534 1663 1619 theatra)
1692 1535 1816 1600 38.
1919 1533 1998 1600 In
2026 1533 2101 1599 L.
2131 1532 2371 1600 Lauda
2407 1533 2757 1617 poquisma,
2795 1533 3074 1615 pouibma
3118 1527 3337 1614 (locus
3365 1527 3523 1613 quie·

615 1637 735 1719 tis)
779 1637 922 1718 249,
971 1645 1228 1701 servata
1267 1643 1523 1700 vetusta
1565 1636 1931 1722 scriptione,
1980 1636 2094 1702 sed
2138 1636 2357 1702 etiam.
2404 1636 2677 1718 pouieua
2724 1632 2862 1696 149.
2930 1650 3197 1714 aperua,
3246 1629 3525 1714 dzkcynua

615 1736 826 1823 (locus
871 1734 1236 1822 adplicandi
1277 1735 1510 1820 naves)
1563 1737 1879 1802 113.135.
1934 1748 2090 1800 nant
2135 1741 2162 1800 ι’
2199 1735 2573 1822 quolchitua,
2612 1732 2975 1817 quola-hema
3018 1732 3285 1816 (nomen
3326 1731 3525 1816 vallis)

616 1839 758 1903 240.
843 1837 904 1904 Ε
948 1837 1155 1904 Mab.:
1203 1859 1396 1903 aerua
1441 1837 1655 1922 (locus
1697 1837 1959 1923 proelii)
2004 1838 2062 1919 3,
2100 1838 2237 1902 102.
2278 1837 2415 1902 195.
2476 1835 2656 1900 belua
2700 1833 2911 1918 (locus
2951 1833 3346 1917 venationis)
3389 1835 3447 1916 2,
3476 1835 3525 1898 7.

607 1941 898 2028 pebyllua
956 1941 1166 2026 (locus
1208 1941 1447 2026 figendi
1489 1939 1794 2025 tentoria)
1851 1941 1923 2020 3,
1968 1940 2111 2004 272.
2198 1936 2423 2005 Com:
2498 1949 2703 2023 treyva
2750 1934 3117 2019 (habitatio)
3162 1933 3239 2000 Ρ.
3283 1936 3435 2016 213,
3476 1937 3527 2000 2.

617 2042 933 2109 Interdum
993 2064 1164 2107 mere
1208 2041 1566 2108 abstractae
1633 2041 2155 2128 significationis,
2216 2039 2502 2106 eiusdem
2552 2038 2683 2104 fere
2739 2036 2922 2103 cuius
2964 2035 3122 2117 -bot,
3177 2045 3251 2102 ut
3306 2037 3528 2103 cambr.

609 2165 654 2227 y
683 2141 798 2206 lla-2
838 2143 1054 2208 lladua
1098 2163 1275 2206 uawr
1315 2143 1647 2228 obobpartlz
1691 2143 1893 2227 (facta
1937 2153 2037 2208 est
2077 2164 2306 2228 magna
2346 2140 2560 2206 caesio
2604 2141 2683 2206 ab
2729 2146 2995 2224 utraque
3034 2137 3249 2223 parte)
3280 2137 3453 2204 Mab.
3478 2139 3529 2217 3,

620 2246 758 2308 195.
834 2243 1182 2329 kynartkua
1226 2267 1357 2308 own
1399 2245 1696 2328 (latratus
1741 2266 1999 2326 canum3
2044 2244 2198 2311 alibi
2240 2241 2536 2328 kyuarth)
2580 2243 2639 2323 3,
2694 2242 2851 2322 1983
2896 2262 3067 2306 corn.
3112 2240 3387 2326 redeyua
3424 2239 3529 2326 (gl.

615 2342 873 2427 cursus)
915 2341 1075 2412 Voc.
1109 2346 1188 2408 7⁸.
1244 2346 1389 2410 olna
1434 2345 1863 2431 (lamentatio)
1906 2343 1981 2411 P.
2013 2347 2073 2427 4,
2107 2347 2167 2409 2.
2229 2345 2492 2431 ysethva,
2538 2343 2783 2408 aeethva
2808 2342 3071 2427 (sessi0,
3116 2341 3355 2408 cambr.
3395 2341 3531 2408 hod.

615 2446 982 2528 eaekteddsod)
1034 2445 1129 2527 13,
1171 2448 1233 2510 4.
1295 2448 1434 2528 143,
1465 2449 1524 2512 4.
1594 2449 1782 2530 cofua
1843 2447 2259 2532 (recordatio)
2311 2444 2395 2510 D.
2438 2445 2579 2509 827.
2648 2445 2960 2530 dywetlwa
3004 2442 3216 2527 (finis)
3269 2441 3359 2509 D.
3400 2443 3531 2508 728.

613 2568 891 2631 poweeva
934 2546 1253 2634 (requies)
1299 2547 1378 2614 Ο.
1417 2550 1555 2614 145.

783 2645 911 2712 Vix
968 2649 1276 2714 secedunt
1331 2651 1412 2716 ab
1466 2649 1568 2714 his
1630 2651 1982 2734 cambi-ica,
2030 2651 2311 2730 cornica,
2374 2647 2725 2715 aremorica
2765 2649 2834 2712 in
2874 2647 3073 2714 MAN
3115 2645 3375 2730 (ΜΕΝ)
3432 2667 3533 2712 ex-

619 2749 855 2830 euntia,
901 2760 972 2813 ut
1015 2749 1290 2814 debruan
1333 2751 1656 2838 (prurigo)
1701 2751 1887 2818 Cath.
1948 2763 2013 2819 et
2056 2751 2348 2838 exempla
2390 2773 2587 2837 supra
2627 2751 2721 2836 (p.
2754 2750 2909 2836 825)
2949 2749 3301 2837 proposita.
3399 2748 3533 2814 Dif-

616 2849 780 2916 ferre
837 2860 1049 2916 tamen
1096 2851 1348 2917 videtur
1389 2852 1591 2919 MAN
1636 2853 2039 2920 subiunctum
2082 2853 2500 2920 substantivis
2561 2863 2625 2917 et
2666 2852 3005 2918 adiectivis
3056 2859 3187 2917 tam
3228 2851 3299 2916 in
3341 2850 3535 2918 nomi·

611 2951 800 3016 nibus
845 2951 1184 3018 cambricis
1215 2953 1490 3020 virorum
1535 2954 1606 3040 (l.
1640 2956 1748 3040 c.),
1794 2977 1981 3041 quam
2008 2956 2077 3021 in
2108 2954 2485 3043 quibusdam
2528 2953 2889 3020 nominibus
2918 2953 3151 3035 avium,
3194 2952 3265 3018 in
3309 2952 3534 3039 quibus

612 3075 741 3118 non
797 3053 1114 3120 concedas
1185 3055 1396 3121 locum
1447 3058 1765 3124 adiectivo
1821 3079 1973 3121 man
2026 3058 2324 3144 (parvus)
2392 3065 2504 3122 aut
2558 3056 2679 3120 ban
2733 3055 2990 3140 (altus)·
3070 3075 3243 3120 corn.
3309 3054 3535 3140 yolum

618 3153 924 3242 (passer),
972 3153 1267 3220 hev-thuan
1311 3156 1560 3245 (parra)
1603 3158 1762 3225 Voc.
1807 3159 1899 3240 83
1955 3183 2143 3226 arem.
2184 3161 2461 3246 yoluann
2505 3156 2790 3244 (passer)
2834 3155 3019 3224 Cath.
3108 3155 3337 3222 Totum
3389 3178 3534 3222 vero

615 3255 868 3321 differre
911 3265 1087 3343 patet
1131 3258 1362 3324 cambr.
1408 3261 1650 3345 tyllucm
1695 3261 1929 3344 (ulula3
1973 3259 2121 3326 hod.
2154 3258 2443 3345 dylluan)
2487 3257 2660 3324 Mab.
2690 3259 2749 3341 3,
2780 3260 2925 3325 214.

782 3343 1038 3424 GUED
1087 3359 1318 3445 (φορά,
1361 3359 1582 3443 forma,
1630 3361 1888 3442 modus,
1931 3359 2105 3428 Mab.
2138 3362 2196 3442 2,
2228 3363 2329 3426 60.
2377 3361 2435 3442 3,
2469 3362 2527 3424 9.
2588 3381 2672 3445 yr
2712 3383 2801 3425 un
2840 3361 3001 3443 wod,
3063 3360 3289 3426 eodem
3330 3359 3535 3439 modo,

617 3461 674 3540 1,
707 3458 861 3539 2793
917 3458 1064 3525 hod.
1103 3461 1322 3547 qwedd
1360 3461 1558 3547 fem).
1649 3461 1946 3529 cambra
2006 3463 2289 3548 olutffiaed
2329 3461 2447 3547 (gl.
2494 3461 2733 3546 strues)
2776 3461 2861 3548 31.
2911 3461 3034 3528 Ox.
3076 3462 3159 3526 9.
3226 3461 3538 3546 οηφιεάοιι

614 3558 731 3644 (gl.
779 3560 956 3645 exta)
1011 3563 1119 3626 41·
1123 3611 1137 3626 .
1243 3561 1491 3630 Ibidem
1546 3564 1867 3630 invenitur
1922 3565 2045 3630 adi.
2104 3563 2302 3630 deriv.
2360 3563 2519 3646 plur.
2563 3565 3041 3651 rinyuedaulion
3092 3563 3211 3650 (gl.
3271 3559 3531 3644 arcana)

613 3661 720 3727 38⁶
734 3712 752 3744 ,
811 3663 972 3749 sing.
1026 3665 1385 3729 rinwedawl
1437 3666 1466 3749 (
1475 3687 1520 3750 y
1561 3667 1784 3750 dwuyr
1819 3666 2179 3730 rinwedawl
2219 3665 2455 3752 hwanw
2469 3715 2485 3748 ,
2532 3687 2699 3752 aqua
2737 3666 2899 3734 haec
2940 3665 3203 3747 arcana)
3260 3663 3434 3730 Mab.
3478 3662 3535 3742 3,

613 3764 756 3846 301,
803 3787 842 3830 c
883 3765 1086 3831 subst.
1127 3765 1365 3830 rinwed
1407 3765 1640 3870 (virtus
1685 3766 1948 3852 arcana)
1990 3765 2419 3853 frequentiore
2446 3766 2700 3849 ibidem,
2744 3766 2891 3834 hod.
2921 3767 3243 3832 rhinwedd
3284 3765 3381 3852 (ut
3410 3776 3535 3831 tar·-

611 3868 787 3932 wedd
824 3866 1268 3934 fermentatio?
1311 3867 1390 3934 cf.
1435 3863 1496 3953 p.
1531 3868 1705 3953 789).
3650 3909 3652 3936 ι

795 3967 1021 4036 Coma
1051 3968 1334 4054 fisnwech
1377 3969 1587 4055 (finis)
1631 3967 1704 4032 Ρ.
1741 3970 1883 4051 212,
1915 3971 1975 4033 4.
2064 3970 2314 4038 Arena:
2343 3969 2556 4051 finuez
2588 3969 2799 4053 (finis)
2844 3970 3001 4037 Buh.
3036 3973 3137 4054 72,
3171 3974 3271 4038 14.
3321 3972 3454 4053 104,
3482 3975 3537 4038 5.
3651 3993 3652 4054 ζ

621 4072 757 4150 146,
790 4072 848 4135 5.
903 4066 1122 4134 dezuez
1151 4068 1352 4153 (dies)
1403 4070 1673 4150 102,18.
1733 4070 2013 4135 bloazuez
2059 4071 2328 4156 (annus)
2359 4072 2502 4151 204,
2535 4073 2634 4137 21.
2701 4073 2937 4138 dannez
2966 4074 3283 4157 (materia,
3326 4073 3537 4160 copia)

629 4172 766 4253 166,
806 4173 900 4237 18.
953 4172 1089 4252 172,
1122 4171 1222 4236 20.
1271 4172 1412 4252 204,
1446 4172 1546 4235 20.
1619 4172 1727 4238 Ab
1771 4171 1892 4253 his,
1940 4193 2103 4257 quae
2144 4172 2270 4238 huc
2296 4173 2509 4260 potius
2539 4173 2854 4259 pertinere
2900 4177 3195 4242 videntur
3236 4199 3417 4263 quam
3460 4173 3537 4240 ad
3651 4225 3652 4256 ÷

610 4294 760 4358 yuez
804 4272 901 4356 (-=
943 4273 1176 4340 cambr.
1215 4272 1436 4358 yweith
1449 4319 1470 4354 ,
1513 4271 1643 4338 hib.
1677 4272 1911 4354 fec-ht),
1981 4273 2408 4359 separandum
2461 4273 2583 4339 erit
2634 4274 2922 4342 adverbii
2977 4278 3121 4344 loco
3176 4285 3535 4364 usurpatum

615 4375 1066 4460 quizuidiquez,
1116 4372 1568 4458 quyzuyziques
1613 4374 1883 4458 (aperte,
1927 4374 2171 4461 palam)
2213 4375 2377 4440 Buh.
2408 4377 2510 4457 46,
2548 4376 2643 4439 18.
2693 4378 2833 4459 148,
2866 4379 2983 4461 21,
3028 4389 3248 4466 utpote
3290 4379 3533 4446 deriva-

617 4486 746 4538 tum
788 4475 858 4538 in
899 4477 1058 4560 -iqez
1102 4504 1164 4527 =
1211 4474 1442 4538 cambr.
1475 4475 1726 4559 -iqaetla
3651 4485 3652 4554 ἶ

785 4573 959 4642 ΒΟΤ
990 4576 1188 4661 (esse,
1219 4576 1420 4640 subst.
1453 4583 1518 4640 et
1543 4575 1653 4640 ins.
1684 4577 1867 4644 verbi
1902 4577 2317 4662 substantivi)
2348 4578 2507 4642 utin
2528 4578 2862 4646 infinitivis
2894 4601 3089 4666 supra
3109 4582 3205 4669 (p.
3230 4587 3349 4649 575
3362 4579 3533 4668 sqq.)

615 4677 898 4763 prolatis.
988 4675 1324 4743 Vetustius
1370 4676 1726 4762 exemplum
1772 4680 2039 4745 cambn:
2086 4681 2199 4765 Ιιφ
2244 4681 2617 4768 amynaubot
2659 4681 2773 4768 (gl.
2820 4683 2958 4750 sine
2988 4685 3234 4770 mente)
3262 4685 3375 4752 Ox.
3408 4683 3529 4750 38⁸.

615 4777 960 4844 Hodiern.:
1004 4779 1345 4862 eisteddfod
1388 4778 1647 4862 (sessio,
1695 4781 2131 4865 congressus).
3651 4767 3652 4804 ³

781 4877 1059 4946 RWYD
1105 4878 1279 4962 (hod.
1311 4881 1564 4965 —rwydd
1603 4901 1820 4962 masc„
1868 4891 2047 4948 extra
2087 4884 2614 4970 compositionem
2658 4886 2863 4952 solum
2890 4887 3017 4954 adi.
3050 4889 3323 4974 rhwydd,
3350 4887 3525 4970 liber,

627 4991 844 5066 aptus3
892 4979 971 5045 cf.
1001 4979 1132 5044 hib.
1163 4981 1334 5062 -rad,
1364 4980 1536 5063 -red)
1571 5002 1607 5046 e
1636 4983 1972 5049 cambricis
2004 4985 2421 5051 substantivis
2450 4987 2555 5053 vel
2580 4987 2915 5055 adiectivis
2944 4991 3176 5057 format
3198 4993 3528 5057 abati—actm

611 5082 889 5167 yndyecu
929 5101 1090 5146 moes
1143 5105 1219 5148 ασ
1261 5103 1450 5145 aruer
1499 5103 1544 5166 y
1579 5085 1909 5169 ywladoed
1960 5105 2035 5150 ae
2074 5089 2484 5176 muncrum&
2536 5088 3007 5178 kyumdrwyd
3058 5116 3133 5160 ac
3172 5091 3527 5178 adfioynder
