3717 5642
894 378 1009 446 IV.
1055 379 1113 446 2.
1180 396 1416 445 emer.
1460 396 1847 447 Romanas
1894 394 2342 445 Ammontem.
2571 378 2886 443 (661-663)
2959 374 3089 443 697

204 567 319 651 tua)
361 566 438 634 Ο.
485 570 627 633 743.
673 570 855 635 1483.
931 590 1053 655 affy
1094 568 1189 631 the
1230 566 1387 631 ewhe
1428 590 1515 631 an
1551 567 1731 652 qeyth.
1786 565 1986 651 (intra
2025 588 2366 653 vesperum
2413 563 2572 649 diei)
2621 564 2698 631 R.
2751 566 2896 629 275.
2959 586 3094 649 pan

207 672 367 755 νευρὴ
405 692 557 755 ayey
600 671 739 735 then
782 682 909 755 cyte
951 669 1123 754 (cum
1170 668 1347 734 eritis
1390 668 1559 733 intra
1599 668 1848 755 urbem)
1891 667 1974 733 D.
2007 668 2150 733 627.

346 770 469 837 Pro
528 772 763 837 cambr.
810 772 925 853 hit,
972 770 1089 851 bet,
1146 768 1249 855 hyt
1300 770 1553 837 cornice
1598 770 1887 836 adhiberi
1933 771 2096 837 solet
2132 769 2404 835 formula
2448 767 2552 855 bys
2590 790 2710 853 yn:
2781 767 2824 831 I
2857 769 2952 833 eth
2995 816 3010 832 .
3038 816 3050 829 .
3079 815 3094 830 .

206 871 292 955 bys
333 894 415 957 yn
454 872 633 957 pylat
681 872 807 957 (illi
850 872 1099 937 iverunt
1152 893 1354 957 usque
1410 872 1493 937 ad
1535 869 1843 956 Pilatum)
1900 870 1972 935 P.
2017 873 2116 953 98,
2153 875 2209 936 1.
2275 870 2380 955 bye
2430 893 2518 954 yn
2553 891 2678 955 pen
2734 869 2968 955 (usque
3013 868 3094 935 ad

206 982 385 1059 caput,
430 975 905 1053 amenitatem,
950 974 1305 1059 clavorum)
1340 976 1477 1055 178,
1510 975 1569 1038 3.
1630 974 1736 1059 bys
1758 996 1847 1056 yn
1878 986 2042 1037 mont
2087 998 2126 1035 a
2151 976 2414 1060 yalvary
2458 973 2695 1057 (usque
2721 973 2784 1036 in
2819 982 3094 1037 montem

204 1072 644 1160 Calvariarum)
694 1078 833 1157 162,
876 1081 927 1141 1.
997 1074 1101 1161 bys
1153 1097 1241 1158 yn
1280 1076 1607 1141 ies-malem
1646 1076 1717 1141 loe
1772 1074 2256 1160 (Hierosolyma
2295 1076 2348 1159 i)
2406 1075 2483 1142 Ο.
2535 1075 2716 1140 1928.
2786 1072 2889 1157 bys
2927 1094 3016 1158 yn
3053 1096 3096 1161 y

202 1178 293 1263 chy
339 1178 571 1265 (nsque
613 1179 683 1243 in
728 1177 981 1244 domum
1011 1176 1179 1260 eius)
1209 1174 1293 1241 D.
1326 1178 1465 1242 648.
1525 1177 1628 1264 bys
1666 1201 1751 1263 yn
1780 1178 2014 1241 meneth.
2057 1178 2290 1264 (usque
2333 1176 2414 1242 ad
2443 1176 2750 1261 montem)
2797 1174 2874 1241 O.
2915 1174 3094 1239 1303.

200 1278 281 1345 De
320 1290 605 1366 tempore
645 1290 857 1347 tamen
910 1280 1053 1345 sine
1096 1300 1310 1365 praep.
1358 1278 1593 1344 dictum
1635 1279 2029 1346 invenimus:
2089 1280 2193 1364 bys
2235 1280 2374 1345 deth
2401 1280 2560 1364 syn,
2613 1278 2716 1365 bys
2761 1278 2939 1362 deyth
2970 1276 3096 1363 fisa

202 1379 405 1465 (usque
456 1381 537 1447 ad
596 1382 765 1449 diem
820 1380 1199 1465 extremum)
1252 1380 1336 1444 D.
1382 1382 1525 1447 724.
1582 1379 1659 1447 R.
1699 1383 1845 1445 416.
1913 1380 2018 1466 bys
2069 1382 2292 1467 yorfen
2349 1381 2484 1465 bys,
2545 1380 2648 1465 bys
2695 1380 2916 1467 yorfen
2961 1378 3097 1465 heys

203 1482 405 1568 (usque
462 1483 545 1549 ad
588 1484 783 1549 finem
824 1482 1075 1567 mundi)
1120 1482 1197 1547 R.
1236 1483 1371 1549 178.
1420 1482 1499 1549 O.
1530 1483 1686 1564 5843
1732 1482 1809 1549 cf.
1854 1481 1959 1568 bys
2000 1505 2249 1569 venam,
2295 1482 2399 1567 bys
2441 1481 2700 1565 venytha
2739 1504 2806 1566 p.
2838 1481 2982 1545 621.

339 1582 395 1648 Ε
439 1584 803 1651 nominibus
845 1587 1271 1653 membrorum
1314 1586 1535 1651 eodem
1580 1606 1719 1665 usu,
1766 1606 1891 1671 quo
1935 1586 2252 1651 cambrica
2295 1606 2488 1671 supra
2527 1592 2900 1664 memorata,
2958 1603 3096 1648 cor-

206 1684 328 1749 nice
371 1686 627 1772 saepius
675 1697 775 1753 est
808 1710 931 1773 pen
973 1686 1257 1776 (caput):
1309 1710 1353 1773 y
1394 1688 1561 1751 them
1600 1702 1673 1771 3e
1717 1686 1825 1750 ben
1870 1687 2132 1771 dowlyn,
2171 1709 2214 1771 y
2256 1708 2316 1749 ee
2357 1702 2429 1769 3e
2472 1684 2582 1749 ben
2625 1685 2858 1770 dewlyn
2899 1683 3097 1768 (ceci-

205 1785 401 1851 derunt
457 1789 523 1852 in
571 1788 809 1875 genua)
862 1786 937 1854 P.
984 1789 1123 1871 137,
1162 1792 1214 1853 1.
1265 1791 1403 1869 196,
1440 1792 1493 1853 1.
1556 1812 1689 1855 war
1734 1788 1844 1853 ben
1890 1787 2130 1874 dowlyn
2153 1838 2168 1851 .
2195 1838 2208 1853 .
2235 1838 2250 1852 .
2282 1812 2372 1853 ow
2416 1803 2554 1872 0030
2605 1788 2701 1873 (in
2745 1809 2954 1874 genua
2994 1808 3097 1851 ca-

205 1886 363 1971 dens)
397 1892 539 1972 171,
574 1892 633 1955 3.
686 1914 831 1977 may
872 1890 1007 1975 Jeth.
1034 1912 1169 1955 war
1211 1891 1323 1955 ben
1360 1912 1403 1977 y
1442 1892 1704 1977 3ewleyn
1746 1892 1851 1975 (ut
1893 1890 2150 1957 caderet
2190 1890 2258 1955 in
2287 1914 2498 1975 genua
2539 1890 2685 1975 sua)
2729 1892 2832 1971 54,
2864 1890 2922 1953 4.
2977 1888 3100 1973 hay

205 1992 281 2053 eth
316 2004 455 2057 arta
506 2008 579 2077 3e
622 1992 759 2079 beny
800 2016 935 2058 war
976 1992 1087 2056 ben
1124 1992 1306 2079 yleyn
1360 1992 1457 2076 (et
1508 1993 1626 2057 ivit
1666 2015 1888 2060 rursus
1933 2002 2175 2059 oratum
2227 1993 2296 2059 in
2340 1994 2641 2080 genibus)
2697 1994 2798 2073 56,
2843 1992 2902 2055 2.
2963 2011 3099 2054 war

208 2090 294 2153 ben
330 2116 405 2156 vn
444 2096 681 2159 menetlt
724 2093 821 2179 (in
865 2102 1168 2174 montem,
1216 2116 1353 2160 eum
1401 2094 1611 2179 duxit)
1676 2096 1771 2177 16,
1819 2098 1875 2160 1.
1939 2096 2062 2179 hay
2110 2094 2206 2180 yn
2248 2106 2413 2181 troya
2465 2119 2504 2159 a
2550 2118 2615 2158 ve
2652 2093 2856 2181 qorris
2891 2112 3098 2177 pcran

204 2216 311 2257 war
348 2194 455 2259 heu
490 2219 537 2280 y
574 2197 707 2282 qele
749 2197 848 2280 (et
888 2218 1054 2263 unus
1098 2196 1237 2261 eius
1280 2218 1397 2282 pes
1444 2208 1545 2263 est
1583 2198 1834 2284 positus
1879 2206 2052 2263 recte
2096 2220 2288 2283 super
2331 2197 2628 2280 alterum)
2681 2198 2823 2276 179,
2858 2195 2916 2260 3.

342 2300 798 2365 Aremorica
836 2298 1099 2366 nomina
1126 2297 1667 2384 praepositionum
1709 2299 1850 2366 loco
1897 2301 2036 2367 sola
2063 2301 2273 2387 posita
2312 2299 2419 2367 vel
2447 2299 2799 2385 praemissa
2826 2318 3097 2383 praepo-

208 2398 431 2465 sitione:
476 2402 803 2487 aeumlaaff
840 2404 949 2467 doe
972 2402 1121 2489 quir
1161 2422 1307 2465 νοω
1347 2412 1469 2465 ster
1510 2402 1613 2465 ket
1650 2424 1753 2469 ma
1783 2424 1984 2467 ameer
2025 2428 2066 2468 a
2105 2402 2428 2489 prederaff
2465 2400 2736 2485 (servire
2781 2399 2900 2464 deo
2946 2420 3098 2464 vero

204 2501 315 2586 regi
352 2502 671 2568 stellarum
713 2503 1176 2589 longitudinem
1216 2504 1525 2590 temporis
1566 2505 1709 2585 mei,
1754 2526 1873 2589 per
1915 2513 2166 2591 tempus
2197 2527 2420 2583 meum,
2467 2502 2709 2587 cogito)
2754 2500 2918 2566 Buh.
2955 2500 3094 2581 190,

212 2604 284 2665 15.
345 2628 383 2667 α
424 2605 519 2667 het
560 2606 705 2671 decc
748 2605 919 2671 bloaz
956 2628 1111 2692 90⁰²
1153 2628 1221 2670 oz
1259 2628 1415 2693 qoaz
1457 2628 1563 2672 eza
1606 2606 1727 2689 diff
1776 2606 1843 2689 (e
1888 2606 2284 2691 longitudine
2328 2605 2546 2671 decem
2591 2626 2926 2679 annorum,
2981 2624 3096 2689 per

206 2702 391 2769 decem
443 2728 647 2773 annos
698 2707 887 2793 peius
928 2708 1246 2795 peiusque
1286 2708 1359 2771 fit
1400 2708 1584 2790 mihi)
1634 2709 1772 2790 118,
1821 2711 1918 2771 16.
1985 2730 2122 2771 ema
2163 2732 2290 2773 ann
2335 2726 2550 2792 eaquep
2589 2706 2702 2791 hep
2743 2727 2916 2790 repca
2961 2706 3100 2769 altat

206 2827 291 2869 noa
324 2828 431 2870 cuz
472 2809 559 2871 da
596 2818 800 2893 ,qm-tos
844 2808 1025 2893 (sunt
1066 2810 1357 2897 episcopi
1400 2810 1539 2875 sine
1582 2810 1803 2896 requie
1854 2832 1968 2896 per
2009 2819 2204 2874 totam
2249 2818 2500 2875 noctem
2541 2817 2606 2873 te
2649 2808 3095 2894 expectantes)

204 2903 312 2971 MJ.
354 2910 429 2973 61
446 2910 507 2976 b.
614 2908 797 2975 Idem
854 2911 1053 2977 subst.
1106 2912 1280 2979 inest
1332 2912 1403 2977 in
1457 2910 1745 2977 formulis
1802 2910 2173 2977 aremoricis
2219 2910 2490 2975 vetustis
2549 2910 2769 2990 cohito,
2833 2910 3098 2975 coilziton

204 3006 577 3093 (secundum,
622 3010 771 3098 per)
828 3022 894 3077 et
932 3014 1167 3078 cohiton
1209 3015 1278 3077 ln·
1330 3014 1562 3100 (usque
1606 3013 1753 3098 ad),
1814 3036 1978 3099 quae
2021 3013 2430 3079 inveniuntur
2483 3012 2552 3077 in
2596 3010 2816 3079 charta
2871 3035 2926 3076 a.
2973 3011 3094 3078 821

204 3130 365 3194 supra
412 3124 760 3180 memorata
816 3114 909 3202 (p.
957 3114 1143 3199 663):
1226 3116 1304 3179 do
1343 3117 1453 3200 foe
1510 3127 1797 3180 matuuor
1868 3116 2062 3180 cohito
2105 3116 2218 3197 foe
2272 3116 2349 3179 do
2405 3116 2628 3179 imhot’r
2680 3114 2804 3199 (ad
2856 3115 3094 3180 fossam

202 3206 477 3296 Matuori,
532 3215 884 3281 secundum
926 3216 1161 3283 fossam
1218 3216 1301 3283 ad
1344 3216 1657 3301 amnem),
1717 3218 1794 3287 do
1851 3216 2073 3299 rudfoe
2127 3217 2389 3281 coibiton
2430 3218 2649 3300 rudfos
2704 3216 2817 3301 (ad
2856 3216 3096 3283 fossam

200 3311 435 3396 rubram,
482 3316 835 3383 secundnm
875 3320 1127 3384 rubram
1168 3318 1425 3401 fossam,
1466 3311 1609 3407 ‘per
1634 3322 1892 3387 rubram
1918 3308 2236 3384 fossatam'
2289 3317 2496 3401 ibid.),
2541 3318 2778 3382 colliton
2820 3319 3098 3403 hifosan

202 3410 403 3499 (usque
446 3416 529 3481 ad
572 3418 897 3501 fossulam,
939 3412 1357 3487 ‘fossatellam
1398 3413 1673 3509 usque').

342 3514 653 3605 Exempla
693 3521 1019 3587 nominum
1062 3544 1205 3587 cum
1248 3522 1831 3609 praepositionibus
1887 3546 1922 3589 e
1969 3522 2184 3591 Catu:
2261 3543 2470 3608 aqva,
2517 3543 2700 3586 auoec
2744 3512 3094 3610 (‘palam’),

69 3670 71 3675 .
207 3615 382 3703 adt-eff
418 3612 705 3705 (‘pone’;
748 3620 891 3685 hod.
926 3624 1095 3705 adre,
1138 3634 1293 3689 trec.
1325 3626 1602 3711 adrem-2),
1652 3626 1859 3707 abarz,
1905 3625 2084 3689 ebore
2127 3617 2396 3709 (‘intra';
2441 3625 2587 3690 hod.
2619 3622 2864 3708 abarz),
2909 3645 3098 3709 amq>

204 3706 607 3801 (‘adversus';
654 3722 822 3787 sicut
861 3722 1074 3810 hod.),
1132 3727 1461 3810 enquichen
1504 3729 1782 3813 (tenus,
1825 3750 2056 3815 prope,
2101 3717 2330 3812 iuxta')
2373 3757 2440 3781 =
2482 3727 2768 3812 equ-ichen
2813 3716 3094 3811 (‘iuxta';

202 3817 323 3885 hod.
350 3822 664 3908 έ-Ιείοήεη),
710 3836 919 3887 oartro
964 3818 1247 3911 (‘circa';
1289 3828 1432 3895 hod.
1466 3829 1794 3913 war-dra).
1867 3827 2186 3916 Exempla
2229 3853 2264 3895 e
2295 3829 2708 3895 carminibus:
2755 3854 2840 3895 an
2887 3828 3112 3915 buyale.

204 3941 285 3983 am
323 3944 433 3985 eux
456 3937 705 4010 mayuet
730 3938 995 3992 contenet
1035 3951 1103 3991 re
1143 3950 1207 3993 εο
1236 3952 1339 3993 am
1382 3931 1471 4015 (v.
1510 3932 1549 3995 l.
1582 3931 1704 4014 em)
1746 3952 1894 4016 enep
1933 3953 2028 3994 me
2051 3944 2336 4018 qourreet
2378 3931 2591 4018 (pueri
2636 3953 2796 4017 quos
2839 3930 3094 4013 nutrivi,

208 4027 528 4092 sustentavi
570 4028 853 4109 nimium,
900 4029 1206 4097 adversus
1250 4056 1353 4098 me
1384 4032 1819 4117 surrexerunt)
1849 4031 1985 4097 MJ.
2017 4034 2097 4096 23
2113 4034 2174 4099 b.
2230 4032 2479 4097 bremun
2523 4054 2712 4097 aman
2754 4058 2798 4099 a
2820 4053 2964 4118 90οε
3009 4054 3096 4095 an
3194 4031 3199 4038 ’

207 4120 279 4185 bet
314 4124 505 4209 (nunc
546 4127 653 4193 hic
698 4150 911 4195 coram
954 4132 1236 4215 mundo),
1280 4154 1392 4218 roy
1436 4132 1689 4198 bre-man
1732 4156 1771 4196 a
1808 4156 1952 4220 yoez
1995 4156 2078 4197 an
2121 4144 2214 4199 tut
2255 4134 2370 4219 (da
2412 4157 2489 4199 ea
2528 4154 2699 4199 nunc
2729 4156 2940 4200 coram
2983 4133 3096 4198 ho·-

205 4226 478 4311 minibus;
525 4230 763 4295 cambr.
803 4254 890 4317 yn
929 4233 1142 4319 qud)
1184 4232 1346 4301 Buh.
1383 4236 1521 4316 124,
1562 4236 1654 4299 14.
1709 4236 1846 4319 128,
1879 4238 1980 4302 24.
2046 4260 2087 4299 a
2131 4237 2293 4320 dreff
2325 4236 2486 4321 piler
2527 4258 2666 4299 nem
2705 4238 2912 4324 queler
2954 4248 3098 4321 quet

208 4325 356 4409 (post
394 4330 587 4416 pilam
630 4354 763 4397 non
808 4333 1104 4419 videbor)
1158 4338 1258 4417 54,
1306 4338 1401 4401 12.
1472 4362 1556 4402 an
1595 4338 1733 4423 plat
1786 4364 1829 4402 a
1871 4340 2024 4423 dref
2055 4362 2138 4401 an
2183 4338 2379 4421 clezef
2409 4360 2471 4401 se
2525 4338 2791 4422 (lamina
2834 4361 2872 4403 a
2914 4347 3092 4424 tergo

211 4425 367 4495 huius
408 4432 635 4517 gladii)
690 4436 829 4516 154,
874 4439 931 4501 7.
1008 4462 1049 4501 a
1086 4440 1277 4525 yruif
1320 4438 1433 4523 hep
1470 4461 1592 4525 you
1647 4464 1687 4503 a
1725 4462 1882 4525 pare
1927 4440 2048 4503 dou
2091 4440 2200 4501 dez
2255 4438 2512 4521 (faciam
2569 4450 2742 4506 certo
2787 4441 2953 4505 intra
2997 4442 3094 4507 bi-

210 4526 395 4616 duum)
436 4534 535 4613 84,
568 4536 628 4599 9.
688 4537 801 4599 dal
842 4537 1032 4620 liufre
1066 4560 1227 4625 quen
1268 4562 1333 4603 ez
1359 4542 1661 4624 querchen
1704 4540 1882 4625 (tene
1925 4542 2372 4607 vestimentum
2415 4541 2754 4605 candidum
2797 4542 2970 4607 circa
2997 4553 3096 4624 te3

69 4614 71 4697 ἶ
210 4652 349 4697 com.
372 4636 482 4719 yth
508 4634 810 4723 kerqhyn)
846 4639 985 4719 104,
1021 4642 1079 4704 7.
1136 4662 1231 4704 me
1252 4642 1398 4727 ,quel
1422 4642 1803 4709 maruaillou
1844 4646 1958 4730 hep
1995 4667 2118 4730 you
2160 4653 2302 4726 quet
2343 4662 2494 4706 voar
2541 4654 2636 4707 tro
2679 4644 2830 4727 devy
2875 4643 3094 4726 (video

210 4734 475 4801 miracula
512 4760 741 4805 revera
782 4740 957 4807 circa
992 4739 1468 4828 Davidagium),
1512 4744 1710 4809 ooulm
1748 4768 1912 4832 quen
1955 4747 2312 4828 disquennet
2355 4745 2428 4807 de
2467 4754 2664 4807 metou
2708 4744 3094 4827 (columbam

212 4834 387 4903 albam
428 4840 755 4928 delapsam
798 4841 867 4905 in
910 4843 1089 4928 enm)
1148 4846 1285 4925 116,
1331 4847 1427 4909 16.
1466 4848 1561 4909 17.
1618 4847 1703 4910 da
1746 4858 1948 4911 monet
1988 4848 2064 4909 de
2103 4858 2301 4909 metou
2345 4845 2460 4929 (ad
2502 4848 2955 4913 occurrendum
3003 4846 3094 4931 ei)

211 4933 315 5003 HJ.
357 4943 543 5007 190a.
610 4954 871 5008 entem-et
924 4966 998 5008 en
1050 4966 1080 5008 e
1120 4956 1317 5009 metou
1372 4946 1655 5034 (sepulta
1695 4971 1898 5037 prope
1953 4951 2124 5031 eum)
2183 4950 2376 5017 1921).
2443 4950 2562 5013 den
2613 4960 2846 5033 &aspect
2901 4971 2966 5013 80
3021 4972 3096 5013 en

215 5052 369 5104 Μαι
422 5042 639 5125 (homo
684 5056 1025 5131 suspectus
1084 5047 1195 5133 qni
1241 5056 1340 5113 est
1392 5048 1557 5115 inter
1598 5049 1751 5133 nos)
1804 5049 1968 5115 Buh.
2014 5052 2112 5133 74,
2156 5053 2216 5116 5.
2286 5051 2537 5116 dibunet
2578 5072 2650 5114 en
2707 5050 2816 5113 boz
2871 5062 3098 5115 mettou

217 5136 479 5217 (divisum
522 5168 733 5232 penes
764 5169 913 5229 vos;
959 5146 1038 5213 cf.
1089 5150 1227 5230 170,
1262 5150 1371 5213 15:
1416 5149 1529 5213 dre
1569 5173 1686 5236 nep
1728 5164 1943 5234 meten,
1989 5152 2120 5218 ullo
2162 5152 2392 5233 medio,
2437 5152 2565 5219 ullo
2597 5152 2812 5238 modo)
2863 5155 3002 5235 170,
3036 5154 3094 5217 2.
