<?xml version="1.0" encoding="UTF-8"?>
<!DOCTYPE html PUBLIC "-//W3C//DTD XHTML 1.0 Transitional//EN"
    "http://www.w3.org/TR/xhtml1/DTD/xhtml1-transitional.dtd">
<html xmlns="http://www.w3.org/1999/xhtml" xml:lang="en" lang="en">
 <head>
  <title>
</title>
<meta http-equiv="Content-Type" content="text/html;charset=utf-8" />
  <meta name='ocr-system' content='tesseract 3.04.00' />
  <meta name='ocr-capabilities' content='ocr_page ocr_carea ocr_par ocr_line ocrx_word'/>
</head>
<body>
  <div class='ocr_page' id='page_1' title='image "./grammaticacelti01ebelgoog_0259.png"; bbox 0 0 3717 5642; ppageno 0'>
   <div class='ocr_carea' id='block_1_1' title="bbox 984 389 3130 461">
    <p class='ocr_par' dir='ltr' id='par_1_1' title="bbox 984 389 3130 461">
     <span class='ocr_line' id='line_1_1' title="bbox 984 389 3130 461; baseline -0.004 0"><span class='ocrx_word' id='word_1_1' title='bbox 984 392 1097 461; x_wconf 87' lang='lat' dir='ltr'><strong>IV.</strong></span> <span class='ocrx_word' id='word_1_2' title='bbox 1144 394 1203 459; x_wconf 84' lang='lat'><strong>2.</strong></span> <span class='ocrx_word' id='word_1_3' title='bbox 1266 410 1839 459; x_wconf 69' lang='lat' dir='ltr'><strong>Pmnpoffl‘rxonns</strong></span> <span class='ocrx_word' id='word_1_4' title='bbox 1881 408 2356 457; x_wconf 59' lang='lat' dir='ltr'><strong>amm-mirica.</strong></span> <span class='ocrx_word' id='word_1_5' title='bbox 2661 392 2798 453; x_wconf 80' lang='lat'><strong>(64⁴·</strong></span> <span class='ocrx_word' id='word_1_6' title='bbox 2826 392 2946 455; x_wconf 79' lang='lat'>645)</span> <span class='ocrx_word' id='word_1_7' title='bbox 3013 389 3130 454; x_wconf 87' lang='lat'><strong>681</strong></span> 
     </span>
    </p>
   </div>
   <div class='ocr_carea' id='block_1_2' title="bbox 158 574 3245 5240">
    <p class='ocr_par' dir='ltr' id='par_1_2' title="bbox 204 574 3137 771">
     <span class='ocr_line' id='line_1_2' title="bbox 204 574 3137 666; baseline -0.003 -17"><span class='ocrx_word' id='word_1_8' title='bbox 204 582 411 649; x_wconf 84' lang='lat' dir='ltr'><strong>Mab.:</strong></span> <span class='ocrx_word' id='word_1_9' title='bbox 463 580 747 666; x_wconf 74' lang='lat' dir='ltr'><strong>trachefn</strong></span> <span class='ocrx_word' id='word_1_10' title='bbox 790 582 997 666; x_wconf 86' lang='lat' dir='ltr'><strong>(trans</strong></span> <span class='ocrx_word' id='word_1_11' title='bbox 1040 590 1307 666; x_wconf 84' lang='lat' dir='ltr'><strong>tergum,</strong></span> <span class='ocrx_word' id='word_1_12' title='bbox 1351 580 1585 666; x_wconf 85' lang='lat' dir='ltr'><strong>retro),</strong></span> <span class='ocrx_word' id='word_1_13' title='bbox 1633 580 1954 645; x_wconf 71' lang='lat' dir='ltr'><strong>trannoetk</strong></span> <span class='ocrx_word' id='word_1_14' title='bbox 1998 578 2202 664; x_wconf 85' lang='lat' dir='ltr'><strong>(trans</strong></span> <span class='ocrx_word' id='word_1_15' title='bbox 2247 586 2517 659; x_wconf 84' lang='lat' dir='ltr'><strong>noctem,</strong></span> <span class='ocrx_word' id='word_1_16' title='bbox 2566 598 2728 660; x_wconf 77' lang='lat' dir='ltr'><strong>crae,</strong></span> <span class='ocrx_word' id='word_1_17' title='bbox 2772 574 3137 662; x_wconf 77' lang='lat' dir='ltr'>postridie),</span> 
     </span>
     <span class='ocr_line' id='line_1_3' title="bbox 208 682 979 771; baseline -0.003 -22"><span class='ocrx_word' id='word_1_18' title='bbox 208 686 288 749; x_wconf 86' lang='lat' dir='ltr'><strong>dc</strong></span> <span class='ocrx_word' id='word_1_19' title='bbox 332 684 569 771; x_wconf 82' lang='lat' dir='ltr'><strong>quibus</strong></span> <span class='ocrx_word' id='word_1_20' title='bbox 614 682 693 749; x_wconf 87' lang='lat' dir='ltr'><strong>cf.</strong></span> <span class='ocrx_word' id='word_1_21' title='bbox 738 706 801 769; x_wconf 89' lang='lat' dir='ltr'><strong>p.</strong></span> <span class='ocrx_word' id='word_1_22' title='bbox 836 684 979 747; x_wconf 92' lang='lat'><strong>616.</strong></span> 
     </span>
    </p>

    <p class='ocr_par' dir='ltr' id='par_1_3' title="bbox 204 779 3180 1581">
     <span class='ocr_line' id='line_1_4' title="bbox 383 779 3141 871; baseline -0.003 -20"><span class='ocrx_word' id='word_1_23' title='bbox 383 785 433 851; x_wconf 88' lang='lat' dir='ltr'>C</span> <span class='ocrx_word' id='word_1_24' title='bbox 452 810 537 851; x_wconf 89' lang='lat' dir='ltr'><strong>or</strong></span> <span class='ocrx_word' id='word_1_25' title='bbox 552 786 730 851; x_wconf 89' lang='lat' dir='ltr'><strong>nica</strong></span> <span class='ocrx_word' id='word_1_26' title='bbox 772 797 865 849; x_wconf 79' lang='lat' dir='ltr'><strong>ter</strong></span> <span class='ocrx_word' id='word_1_27' title='bbox 904 784 1272 850; x_wconf 81' lang='lat' dir='ltr'><strong>hibernicae</strong></span> <span class='ocrx_word' id='word_1_28' title='bbox 1299 784 1535 850; x_wconf 86' lang='lat' dir='ltr'><strong>formae</strong></span> <span class='ocrx_word' id='word_1_29' title='bbox 1564 784 1825 871; x_wconf 86' lang='lat' dir='ltr'>propior</span> <span class='ocrx_word' id='word_1_30' title='bbox 1852 783 2212 849; x_wconf 79' lang='lat' dir='ltr'><strong>continetur</strong></span> <span class='ocrx_word' id='word_1_31' title='bbox 2241 780 2308 845; x_wconf 89' lang='lat' dir='ltr'><strong>in</strong></span> <span class='ocrx_word' id='word_1_32' title='bbox 2337 779 2608 846; x_wconf 88' lang='lat' dir='ltr'><strong>formula</strong></span> <span class='ocrx_word' id='word_1_33' title='bbox 2639 791 2858 861; x_wconf 69' lang='lat' dir='ltr'><strong>ternos,</strong></span> <span class='ocrx_word' id='word_1_34' title='bbox 2903 791 3141 863; x_wconf 65' lang='lat' dir='ltr'><strong>ter-noys</strong></span> 
     </span>
     <span class='ocr_line' id='line_1_5' title="bbox 213 880 3140 975; baseline -0.003 -20"><span class='ocrx_word' id='word_1_35' title='bbox 213 886 595 975; x_wconf 81' lang='lat' dir='ltr'><strong>(postridie)</strong></span> <span class='ocrx_word' id='word_1_36' title='bbox 640 886 715 951; x_wconf 88' lang='lat' dir='ltr'><strong>P.</strong></span> <span class='ocrx_word' id='word_1_37' title='bbox 748 886 891 968; x_wconf 94' lang='grc'><strong>229,</strong></span> <span class='ocrx_word' id='word_1_38' title='bbox 925 886 985 950; x_wconf 91' lang='grc'><strong>2.</strong></span> <span class='ocrx_word' id='word_1_39' title='bbox 1030 886 1173 967; x_wconf 87' lang='grc'><strong>238,</strong></span> <span class='ocrx_word' id='word_1_40' title='bbox 1211 889 1263 949; x_wconf 95' lang='grc'><strong>1.</strong></span> <span class='ocrx_word' id='word_1_41' title='bbox 1350 884 1597 951; x_wconf 75' lang='lat' dir='ltr'><strong>Infecta</strong></span> <span class='ocrx_word' id='word_1_42' title='bbox 1636 886 1745 951; x_wconf 72' lang='lat' dir='ltr'><strong>det·</strong></span> <span class='ocrx_word' id='word_1_43' title='bbox 1786 885 1931 951; x_wconf 92' lang='lat' dir='ltr'><strong>loco</strong></span> <span class='ocrx_word' id='word_1_44' title='bbox 1975 882 2472 971; x_wconf 76' lang='lat' dir='ltr'><strong>praepositionis</strong></span> <span class='ocrx_word' id='word_1_45' title='bbox 2517 892 2607 945; x_wconf 77' lang='lat' dir='ltr'><strong>tre</strong></span> <span class='ocrx_word' id='word_1_46' title='bbox 2651 881 2822 965; x_wconf 76' lang='lat' dir='ltr'><strong>(dre)</strong></span> <span class='ocrx_word' id='word_1_47' title='bbox 2881 880 3140 966; x_wconf 78' lang='lat' dir='ltr'><strong>saepius</strong></span> 
     </span>
     <span class='ocr_line' id='line_1_6' title="bbox 209 983 3140 1073; baseline -0.003 -19"><span class='ocrx_word' id='word_1_48' title='bbox 209 990 543 1055; x_wconf 83' lang='lat' dir='ltr'><strong>invenitur</strong></span> <span class='ocrx_word' id='word_1_49' title='bbox 582 989 653 1052; x_wconf 85' lang='lat' dir='ltr'><strong>in</strong></span> <span class='ocrx_word' id='word_1_50' title='bbox 697 985 833 1054; x_wconf 67' lang='lat' dir='ltr'><strong>Cn:</strong></span> <span class='ocrx_word' id='word_1_51' title='bbox 890 1010 935 1073; x_wconf 76' lang='lat' dir='ltr'><em>y</em></span> <span class='ocrx_word' id='word_1_52' title='bbox 964 986 1135 1073; x_wconf 72' lang='lat' dir='ltr'><strong>festa</strong></span> <span class='ocrx_word' id='word_1_53' title='bbox 1161 988 1411 1073; x_wconf 69' lang='lat' dir='ltr'><strong>fmmys</strong></span> <span class='ocrx_word' id='word_1_54' title='bbox 1452 987 1669 1073; x_wconf 62' lang='lat' dir='ltr'><strong>deva</strong></span> <span class='ocrx_word' id='word_1_55' title='bbox 1713 988 1823 1050; x_wconf 80' lang='lat' dir='ltr'><strong>der</strong></span> <span class='ocrx_word' id='word_1_56' title='bbox 1860 1010 1906 1073; x_wconf 77' lang='lat' dir='ltr'><em>y</em></span> <span class='ocrx_word' id='word_1_57' title='bbox 1945 1008 2181 1052; x_wconf 63' lang='lat' dir='ltr'><strong>«creans</strong></span> <span class='ocrx_word' id='word_1_58' title='bbox 2223 1008 2321 1049; x_wconf 78' lang='lat' dir='ltr'><strong>eve</strong></span> <span class='ocrx_word' id='word_1_59' title='bbox 2361 1006 2568 1049; x_wconf 78' lang='lat' dir='ltr'><strong>omma</strong></span> <span class='ocrx_word' id='word_1_60' title='bbox 2611 984 2720 1047; x_wconf 75' lang='lat' dir='ltr'><strong>der</strong></span> <span class='ocrx_word' id='word_1_61' title='bbox 2762 983 2960 1047; x_wconf 78' lang='lat' dir='ltr'><strong>henna</strong></span> <span class='ocrx_word' id='word_1_62' title='bbox 2991 1003 3140 1067; x_wconf 75' lang='lat' dir='ltr'><strong>pre-</strong></span> 
     </span>
     <span class='ocr_line' id='line_1_7' title="bbox 206 1084 3142 1175; baseline -0.002 -22"><span class='ocrx_word' id='word_1_63' title='bbox 206 1093 331 1154; x_wconf 77' lang='lat' dir='ltr'><strong>dar</strong></span> <span class='ocrx_word' id='word_1_64' title='bbox 392 1093 529 1155; x_wconf 70' lang='grc' dir='ltr'><strong>ἑπτα</strong></span> <span class='ocrx_word' id='word_1_65' title='bbox 583 1090 657 1173; x_wconf 69' lang='lat' dir='ltr'><strong>ef</strong></span> <span class='ocrx_word' id='word_1_66' title='bbox 690 1114 730 1154; x_wconf 88' lang='lat' dir='ltr'><strong>a</strong></span> <span class='ocrx_word' id='word_1_67' title='bbox 762 1088 863 1175; x_wconf 65' lang='lat'><strong>3122</strong></span> <span class='ocrx_word' id='word_1_68' title='bbox 904 1088 1015 1152; x_wconf 78' lang='lat' dir='ltr'><strong>der</strong></span> <span class='ocrx_word' id='word_1_69' title='bbox 1063 1110 1249 1175; x_wconf 75' lang='lat' dir='ltr'><strong>yeare</strong></span> <span class='ocrx_word' id='word_1_70' title='bbox 1290 1100 1433 1153; x_wconf 80' lang='lat' dir='ltr'><strong>arta</strong></span> <span class='ocrx_word' id='word_1_71' title='bbox 1474 1088 1635 1153; x_wconf 71' lang='lat' dir='ltr'><strong>theth</strong></span> <span class='ocrx_word' id='word_1_72' title='bbox 1690 1088 2025 1173; x_wconf 69' lang='lat' dir='ltr'><strong>destrowhy</strong></span> <span class='ocrx_word' id='word_1_73' title='bbox 2079 1086 2390 1173; x_wconf 68' lang='lat' dir='ltr'><strong>alremynye</strong></span> <span class='ocrx_word' id='word_1_74' title='bbox 2445 1084 2785 1171; x_wconf 81' lang='lat' dir='ltr'><strong>(formatus</strong></span> <span class='ocrx_word' id='word_1_75' title='bbox 2847 1105 2919 1150; x_wconf 81' lang='lat' dir='ltr'><strong>es</strong></span> <span class='ocrx_word' id='word_1_76' title='bbox 2971 1092 3142 1149; x_wconf 85' lang='lat' dir='ltr'><strong>certe</strong></span> 
     </span>
     <span class='ocr_line' id='line_1_8' title="bbox 210 1186 3180 1277; baseline -0.003 -20"><span class='ocrx_word' id='word_1_77' title='bbox 210 1193 393 1257; x_wconf 76' lang='lat' dir='ltr'><strong>iuius</strong></span> <span class='ocrx_word' id='word_1_78' title='bbox 436 1192 761 1257; x_wconf 87' lang='lat' dir='ltr'><strong>creatione</strong></span> <span class='ocrx_word' id='word_1_79' title='bbox 804 1190 941 1271; x_wconf 80' lang='lat' dir='ltr'><strong>hic3</strong></span> <span class='ocrx_word' id='word_1_80' title='bbox 986 1189 1202 1275; x_wconf 85' lang='lat' dir='ltr'><strong>itaque</strong></span> <span class='ocrx_word' id='word_1_81' title='bbox 1248 1192 1459 1277; x_wconf 86' lang='lat' dir='ltr'><strong>cogita</strong></span> <span class='ocrx_word' id='word_1_82' title='bbox 1501 1191 1694 1273; x_wconf 89' lang='lat' dir='ltr'><strong>bene,</strong></span> <span class='ocrx_word' id='word_1_83' title='bbox 1740 1190 1885 1277; x_wconf 78' lang='lat' dir='ltr'><strong>ipse</strong></span> <span class='ocrx_word' id='word_1_84' title='bbox 1928 1198 2142 1277; x_wconf 80' lang='lat' dir='ltr'><strong>potest</strong></span> <span class='ocrx_word' id='word_1_85' title='bbox 2183 1190 2378 1255; x_wconf 83' lang='lat' dir='ltr'><strong>verbo</strong></span> <span class='ocrx_word' id='word_1_86' title='bbox 2423 1210 2644 1253; x_wconf 77' lang='lat' dir='ltr'><strong>rursus</strong></span> <span class='ocrx_word' id='word_1_87' title='bbox 2687 1196 2750 1251; x_wconf 87' lang='lat' dir='ltr'><strong>te</strong></span> <span class='ocrx_word' id='word_1_88' title='bbox 2796 1186 3141 1265; x_wconf 81' lang='lat' dir='ltr'><strong>destruere,</strong></span> <span class='ocrx_word' id='word_1_89' title='bbox 3177 1263 3180 1267; x_wconf 21' lang='grc' dir='ltr'>Ι</span> 
     </span>
     <span class='ocr_line' id='line_1_9' title="bbox 206 1287 3142 1381; baseline -0.003 -21"><span class='ocrx_word' id='word_1_90' title='bbox 206 1292 581 1377; x_wconf 85' lang='lat' dir='ltr'><strong>maledicte)</strong></span> <span class='ocrx_word' id='word_1_91' title='bbox 630 1292 983 1357; x_wconf 83' lang='lat'><strong>209-211.</strong></span> <span class='ocrx_word' id='word_1_92' title='bbox 1059 1294 1169 1357; x_wconf 78' lang='lat' dir='ltr'><strong>der</strong></span> <span class='ocrx_word' id='word_1_93' title='bbox 1210 1294 1409 1357; x_wconf 74' lang='lat' dir='ltr'><strong>henna</strong></span> <span class='ocrx_word' id='word_1_94' title='bbox 1447 1292 1633 1379; x_wconf 71' lang='lat' dir='ltr'><strong>ytkos</strong></span> <span class='ocrx_word' id='word_1_95' title='bbox 1660 1315 1876 1381; x_wconf 73' lang='lat' dir='ltr'><strong>qrevye</strong></span> <span class='ocrx_word' id='word_1_96' title='bbox 1918 1291 2064 1380; x_wconf 84' lang='lat' dir='ltr'><strong>(per</strong></span> <span class='ocrx_word' id='word_1_97' title='bbox 2105 1292 2229 1357; x_wconf 90' lang='lat' dir='ltr'><strong>hoc</strong></span> <span class='ocrx_word' id='word_1_98' title='bbox 2273 1314 2414 1357; x_wconf 81' lang='lat' dir='ltr'><strong>sum</strong></span> <span class='ocrx_word' id='word_1_99' title='bbox 2455 1288 2788 1377; x_wconf 80' lang='lat' dir='ltr'><strong>gravatus)</strong></span> <span class='ocrx_word' id='word_1_100' title='bbox 2832 1290 2978 1353; x_wconf 82' lang='lat'><strong>445.</strong></span> <span class='ocrx_word' id='word_1_101' title='bbox 3059 1287 3142 1351; x_wconf 84' lang='lat' dir='ltr'><strong>oll</strong></span> 
     </span>
     <span class='ocr_line' id='line_1_10' title="bbox 204 1390 3162 1482; baseline -0.001 -21"><span class='ocrx_word' id='word_1_102' title='bbox 204 1418 329 1461; x_wconf 83' lang='lat' dir='ltr'><strong>owe</strong></span> <span class='ocrx_word' id='word_1_103' title='bbox 354 1396 509 1482; x_wconf 53' lang='grc' dir='ltr'><strong>ᾆσμα</strong></span> <span class='ocrx_word' id='word_1_104' title='bbox 544 1393 741 1479; x_wconf 71' lang='lat' dir='ltr'><strong>ytkew</strong></span> <span class='ocrx_word' id='word_1_105' title='bbox 774 1414 905 1478; x_wconf 74' lang='lat' dir='ltr'><strong>pur</strong></span> <span class='ocrx_word' id='word_1_106' title='bbox 949 1414 1109 1480; x_wconf 66' lang='lat' dir='ltr'><strong>wyre</strong></span> <span class='ocrx_word' id='word_1_107' title='bbox 1148 1393 1337 1479; x_wconf 71' lang='lat' dir='ltr'><strong>kellys</strong></span> <span class='ocrx_word' id='word_1_108' title='bbox 1379 1396 1489 1459; x_wconf 81' lang='lat' dir='ltr'><strong>der</strong></span> <span class='ocrx_word' id='word_1_109' title='bbox 1521 1415 1807 1460; x_wconf 72' lang='lat' dir='ltr'><strong>mernane</strong></span> <span class='ocrx_word' id='word_1_110' title='bbox 1850 1416 1940 1459; x_wconf 88' lang='lat' dir='ltr'><strong>ow</strong></span> <span class='ocrx_word' id='word_1_111' title='bbox 1952 1394 2158 1481; x_wconf 75' lang='lat' dir='ltr'><strong>floqlw</strong></span> <span class='ocrx_word' id='word_1_112' title='bbox 2199 1393 2416 1477; x_wconf 89' lang='lat' dir='ltr'><strong>(omne</strong></span> <span class='ocrx_word' id='word_1_113' title='bbox 2459 1414 2665 1457; x_wconf 85' lang='lat' dir='ltr'><strong>meum</strong></span> <span class='ocrx_word' id='word_1_114' title='bbox 2711 1390 3011 1476; x_wconf 85' lang='lat' dir='ltr'><strong>gaudium</strong></span> <span class='ocrx_word' id='word_1_115' title='bbox 3042 1398 3162 1457; x_wconf 76' lang='lat' dir='ltr'><strong>est.</strong></span> 
     </span>
     <span class='ocr_line' id='line_1_11' title="bbox 206 1492 3135 1581; baseline -0.002 -20"><span class='ocrx_word' id='word_1_116' title='bbox 206 1496 555 1563; x_wconf 79' lang='lat' dir='ltr'><strong>verissime</strong></span> <span class='ocrx_word' id='word_1_117' title='bbox 613 1494 929 1579; x_wconf 86' lang='lat' dir='ltr'><strong>perditum</strong></span> <span class='ocrx_word' id='word_1_118' title='bbox 985 1504 1189 1561; x_wconf 88' lang='lat' dir='ltr'><strong>morte</strong></span> <span class='ocrx_word' id='word_1_119' title='bbox 1232 1496 1353 1561; x_wconf 89' lang='lat' dir='ltr'><strong>mei</strong></span> <span class='ocrx_word' id='word_1_120' title='bbox 1411 1496 1623 1581; x_wconf 88' lang='lat' dir='ltr'><strong>pueri)</strong></span> <span class='ocrx_word' id='word_1_121' title='bbox 1684 1497 1865 1561; x_wconf 89' lang='grc'><strong>1230.</strong></span> <span class='ocrx_word' id='word_1_122' title='bbox 1944 1496 2055 1559; x_wconf 77' lang='lat' dir='ltr'><strong>der</strong></span> <span class='ocrx_word' id='word_1_123' title='bbox 2097 1496 2311 1579; x_wconf 71' lang='lat' dir='ltr'><strong>devyes</strong></span> <span class='ocrx_word' id='word_1_124' title='bbox 2366 1494 2513 1581; x_wconf 90' lang='lat' dir='ltr'><strong>(per</strong></span> <span class='ocrx_word' id='word_1_125' title='bbox 2565 1492 2893 1576; x_wconf 80' lang='lat' dir='ltr'><strong>biniones)</strong></span> <span class='ocrx_word' id='word_1_126' title='bbox 2950 1492 3135 1557; x_wconf 88' lang='grc'><strong>2200.</strong></span> 
     </span>
    </p>

    <p class='ocr_par' dir='ltr' id='par_1_4' title="bbox 158 1592 3245 1887">
     <span class='ocr_line' id='line_1_12' title="bbox 207 1592 3139 1683; baseline -0.004 -16"><span class='ocrx_word' id='word_1_127' title='bbox 207 1598 335 1667; x_wconf 86' lang='lat' dir='ltr'><strong>Cui</strong></span> <span class='ocrx_word' id='word_1_128' title='bbox 388 1596 780 1663; x_wconf 85' lang='lat' dir='ltr'><strong>conferenda</strong></span> <span class='ocrx_word' id='word_1_129' title='bbox 820 1597 1075 1663; x_wconf 81' lang='lat' dir='ltr'><strong>videtur</strong></span> <span class='ocrx_word' id='word_1_130' title='bbox 1114 1596 1317 1662; x_wconf 87' lang='lat' dir='ltr'><strong>forma</strong></span> <span class='ocrx_word' id='word_1_131' title='bbox 1360 1598 1511 1661; x_wconf 80' lang='lat' dir='ltr'><strong>dar:</strong></span> <span class='ocrx_word' id='word_1_132' title='bbox 1558 1598 1679 1661; x_wconf 83' lang='lat' dir='ltr'><strong>dar</strong></span> <span class='ocrx_word' id='word_1_133' title='bbox 1706 1596 1820 1661; x_wconf 79' lang='lat' dir='ltr'><strong>ken</strong></span> <span class='ocrx_word' id='word_1_134' title='bbox 1866 1598 2094 1683; x_wconf 79' lang='lat' dir='ltr'><strong>(super</strong></span> <span class='ocrx_word' id='word_1_135' title='bbox 2123 1596 2336 1679; x_wconf 87' lang='lat' dir='ltr'><strong>alium,</strong></span> <span class='ocrx_word' id='word_1_136' title='bbox 2382 1595 2550 1661; x_wconf 86' lang='lat' dir='ltr'><strong>ultra</strong></span> <span class='ocrx_word' id='word_1_137' title='bbox 2578 1594 2770 1679; x_wconf 84' lang='lat' dir='ltr'><strong>alios)</strong></span> <span class='ocrx_word' id='word_1_138' title='bbox 2799 1593 2874 1659; x_wconf 89' lang='lat' dir='ltr'><strong>P.</strong></span> <span class='ocrx_word' id='word_1_139' title='bbox 2911 1594 3050 1672; x_wconf 84' lang='lat'>135,</span> <span class='ocrx_word' id='word_1_140' title='bbox 3081 1592 3139 1657; x_wconf 87' lang='lat'><strong>3.</strong></span> 
     </span>
     <span class='ocr_line' id='line_1_13' title="bbox 158 1678 3141 1786; baseline -0.003 -21"><span class='ocrx_word' id='word_1_141' title='bbox 158 1678 170 1703; x_wconf 67' lang='lat'>⁸</span> <span class='ocrx_word' id='word_1_142' title='bbox 208 1702 333 1786; x_wconf 73' lang='lat' dir='ltr'><strong>hay</strong></span> <span class='ocrx_word' id='word_1_143' title='bbox 384 1699 575 1765; x_wconf 75' lang='lat' dir='ltr'><strong>breme</strong></span> <span class='ocrx_word' id='word_1_144' title='bbox 612 1698 793 1784; x_wconf 72' lang='lat' dir='ltr'><strong>quyle</strong></span> <span class='ocrx_word' id='word_1_145' title='bbox 831 1720 920 1783; x_wconf 74' lang='lat' dir='ltr'><strong>yn</strong></span> <span class='ocrx_word' id='word_1_146' title='bbox 962 1698 1085 1763; x_wconf 84' lang='lat' dir='ltr'><strong>dar</strong></span> <span class='ocrx_word' id='word_1_147' title='bbox 1127 1697 1253 1761; x_wconf 79' lang='lat' dir='ltr'><strong>olor</strong></span> <span class='ocrx_word' id='word_1_148' title='bbox 1298 1698 1358 1782; x_wconf 71' lang='lat' dir='ltr'><strong>(P</strong></span> <span class='ocrx_word' id='word_1_149' title='bbox 1374 1707 1436 1763; x_wconf 90' lang='lat' dir='ltr'><strong>et</strong></span> <span class='ocrx_word' id='word_1_150' title='bbox 1464 1698 1855 1785; x_wconf 77' lang='lat' dir='ltr'><strong>perfringere</strong></span> <span class='ocrx_word' id='word_1_151' title='bbox 1901 1722 2040 1765; x_wconf 89' lang='lat' dir='ltr'><strong>eam</strong></span> <span class='ocrx_word' id='word_1_152' title='bbox 2067 1698 2363 1765; x_wconf 86' lang='lat' dir='ltr'><strong>ferociter</strong></span> <span class='ocrx_word' id='word_1_153' title='bbox 2408 1720 2525 1785; x_wconf 88' lang='lat' dir='ltr'><strong>per</strong></span> <span class='ocrx_word' id='word_1_154' title='bbox 2551 1696 2810 1780; x_wconf 86' lang='lat' dir='ltr'><strong>terram)</strong></span> <span class='ocrx_word' id='word_1_155' title='bbox 2844 1693 2922 1761; x_wconf 91' lang='lat' dir='ltr'><strong>O.</strong></span> <span class='ocrx_word' id='word_1_156' title='bbox 2955 1693 3141 1759; x_wconf 87' lang='grc'><strong>2719.</strong></span> 
     </span>
     <span class='ocr_line' id='line_1_14' title="bbox 212 1798 3245 1887; baseline -0.001 -20"><span class='ocrx_word' id='word_1_157' title='bbox 212 1804 337 1868; x_wconf 80' lang='lat' dir='ltr'><strong>dar</strong></span> <span class='ocrx_word' id='word_1_158' title='bbox 381 1824 501 1887; x_wconf 82' lang='lat' dir='ltr'><strong>nep</strong></span> <span class='ocrx_word' id='word_1_159' title='bbox 543 1800 941 1885; x_wconf 74' lang='lat' dir='ltr'><strong>martheqyon</strong></span> <span class='ocrx_word' id='word_1_160' title='bbox 984 1798 1172 1887; x_wconf 84' lang='lat' dir='ltr'><strong>(?per</strong></span> <span class='ocrx_word' id='word_1_161' title='bbox 1213 1800 1427 1885; x_wconf 84' lang='lat' dir='ltr'><strong>aliqua</strong></span> <span class='ocrx_word' id='word_1_162' title='bbox 1469 1800 1801 1885; x_wconf 85' lang='lat' dir='ltr'><strong>miracula)</strong></span> <span class='ocrx_word' id='word_1_163' title='bbox 1844 1800 1922 1867; x_wconf 84' lang='lat' dir='ltr'><strong>R.</strong></span> <span class='ocrx_word' id='word_1_164' title='bbox 1958 1802 2139 1865; x_wconf 89' lang='grc'><strong>1259.</strong></span> <span class='ocrx_word' id='word_1_165' title='bbox 3239 1804 3245 1813; x_wconf 89' lang='grc'><strong>’</strong></span> 
     </span>
    </p>

    <p class='ocr_par' dir='ltr' id='par_1_5' title="bbox 208 1892 3141 2091">
     <span class='ocr_line' id='line_1_15' title="bbox 380 1892 3141 1988; baseline -0.002 -20"><span class='ocrx_word' id='word_1_166' title='bbox 380 1904 641 1969; x_wconf 83' lang='lat' dir='ltr'><strong>Arem.</strong></span> <span class='ocrx_word' id='word_1_167' title='bbox 688 1912 783 1965; x_wconf 80' lang='lat' dir='ltr'><strong>tro</strong></span> <span class='ocrx_word' id='word_1_168' title='bbox 823 1901 1221 1988; x_wconf 80' lang='lat' dir='ltr'><strong>respondens</strong></span> <span class='ocrx_word' id='word_1_169' title='bbox 1266 1904 1502 1969; x_wconf 88' lang='lat' dir='ltr'><strong>cambr.</strong></span> <span class='ocrx_word' id='word_1_170' title='bbox 1561 1915 1695 1969; x_wconf 75' lang='lat' dir='ltr'><strong>tra:</strong></span> <span class='ocrx_word' id='word_1_171' title='bbox 1766 1914 2012 1969; x_wconf 70' lang='lat' dir='ltr'><strong>tronum</strong></span> <span class='ocrx_word' id='word_1_172' title='bbox 2055 1892 2437 1988; x_wconf 88' lang='lat' dir='ltr'><strong>(‘perendie&#39;</strong></span> <span class='ocrx_word' id='word_1_173' title='bbox 2459 1951 2476 1982; x_wconf 87' lang='lat'>,</span> <span class='ocrx_word' id='word_1_174' title='bbox 2530 1899 2746 1987; x_wconf 81' lang='lat' dir='ltr'><strong>potius</strong></span> <span class='ocrx_word' id='word_1_175' title='bbox 2801 1897 3141 1985; x_wconf 81' lang='lat' dir='ltr'><strong>postridie)</strong></span> 
     </span>
     <span class='ocr_line' id='line_1_16' title="bbox 208 1999 3030 2091; baseline -0.002 -19"><span class='ocrx_word' id='word_1_176' title='bbox 208 2004 423 2087; x_wconf 66' lang='lat' dir='ltr'><strong>cath„</strong></span> <span class='ocrx_word' id='word_1_177' title='bbox 469 2004 641 2069; x_wconf 85' lang='lat' dir='ltr'><strong>unde</strong></span> <span class='ocrx_word' id='word_1_178' title='bbox 681 2002 825 2069; x_wconf 83' lang='lat' dir='ltr'><strong>hod.</strong></span> <span class='ocrx_word' id='word_1_179' title='bbox 871 2014 1165 2069; x_wconf 76' lang='lat' dir='ltr'><strong>antronoz</strong></span> <span class='ocrx_word' id='word_1_180' title='bbox 1210 2002 1503 2091; x_wconf 79' lang='lat' dir='ltr'><strong>(cornug.</strong></span> <span class='ocrx_word' id='word_1_181' title='bbox 1548 2016 1904 2086; x_wconf 71' lang='grc' dir='ltr'><strong>αηενοποατ,</strong></span> <span class='ocrx_word' id='word_1_182' title='bbox 1948 2013 2102 2070; x_wconf 86' lang='lat' dir='ltr'><strong>trec.</strong></span> <span class='ocrx_word' id='word_1_183' title='bbox 2151 2015 2454 2085; x_wconf 80' lang='lat' dir='ltr'><strong>entronoz,</strong></span> <span class='ocrx_word' id='word_1_184' title='bbox 2500 2025 2648 2067; x_wconf 83' lang='lat' dir='ltr'><strong>ven.</strong></span> <span class='ocrx_word' id='word_1_185' title='bbox 2689 1999 3030 2084; x_wconf 66' lang='lat' dir='ltr'><strong>anm-moz).</strong></span> 
     </span>
    </p>

    <p class='ocr_par' dir='ltr' id='par_1_6' title="bbox 208 2102 3143 2297">
     <span class='ocr_line' id='line_1_17' title="bbox 380 2102 3143 2194; baseline -0.001 -22"><span class='ocrx_word' id='word_1_186' title='bbox 380 2104 635 2187; x_wconf 86' lang='lat' dir='ltr'>TRUS‚</span> <span class='ocrx_word' id='word_1_187' title='bbox 681 2102 908 2171; x_wconf 87' lang='lat' dir='ltr'><strong>TROS</strong></span> <span class='ocrx_word' id='word_1_188' title='bbox 955 2103 1181 2189; x_wconf 72' lang='lat' dir='ltr'><strong>(trane,</strong></span> <span class='ocrx_word' id='word_1_189' title='bbox 1213 2107 1411 2188; x_wconf 83' lang='lat' dir='ltr'><strong>ultra3</strong></span> <span class='ocrx_word' id='word_1_190' title='bbox 1454 2114 1591 2194; x_wconf 76' lang='lat' dir='ltr'><strong>pro,</strong></span> <span class='ocrx_word' id='word_1_191' title='bbox 1636 2106 1808 2186; x_wconf 82' lang='lat' dir='ltr'><strong>loc03</strong></span> <span class='ocrx_word' id='word_1_192' title='bbox 1857 2106 1998 2171; x_wconf 80' lang='lat' dir='ltr'><strong>sine</strong></span> <span class='ocrx_word' id='word_1_193' title='bbox 2029 2105 2222 2171; x_wconf 90' lang='lat' dir='ltr'><strong>dubio</strong></span> <span class='ocrx_word' id='word_1_194' title='bbox 2267 2112 2540 2191; x_wconf 80' lang='lat' dir='ltr'><strong>cognata</strong></span> <span class='ocrx_word' id='word_1_195' title='bbox 2569 2114 2696 2169; x_wconf 88' lang='lat' dir='ltr'><strong>tam</strong></span> <span class='ocrx_word' id='word_1_196' title='bbox 2742 2103 3143 2169; x_wconf 74' lang='lat' dir='ltr'><strong>antecedenti</strong></span> 
     </span>
     <span class='ocr_line' id='line_1_18' title="bbox 208 2206 2128 2297; baseline -0.002 -22"><span class='ocrx_word' id='word_1_197' title='bbox 208 2232 409 2297; x_wconf 86' lang='lat' dir='ltr'><strong>quam</strong></span> <span class='ocrx_word' id='word_1_198' title='bbox 450 2230 668 2295; x_wconf 87' lang='lat' dir='ltr'><strong>praep.</strong></span> <span class='ocrx_word' id='word_1_199' title='bbox 716 2208 842 2271; x_wconf 77' lang='lat' dir='ltr'><strong>tro-1⁰</strong></span> <span class='ocrx_word' id='word_1_200' title='bbox 850 2232 867 2287; x_wconf 85' lang='lat'><em>3</em></span> <span class='ocrx_word' id='word_1_201' title='bbox 913 2206 991 2273; x_wconf 87' lang='lat' dir='ltr'><strong>cf.</strong></span> <span class='ocrx_word' id='word_1_202' title='bbox 1036 2230 1223 2274; x_wconf 84' lang='lat' dir='ltr'><strong>arem.</strong></span> <span class='ocrx_word' id='word_1_203' title='bbox 1269 2217 1393 2273; x_wconf 83' lang='lat' dir='ltr'><strong>vet.</strong></span> <span class='ocrx_word' id='word_1_204' title='bbox 1445 2209 1812 2291; x_wconf 77' lang='lat' dir='ltr'><strong>Poutrecoet,</strong></span> <span class='ocrx_word' id='word_1_205' title='bbox 1857 2231 1920 2295; x_wconf 89' lang='lat' dir='ltr'><strong>p.</strong></span> <span class='ocrx_word' id='word_1_206' title='bbox 1959 2206 2128 2291; x_wconf 90' lang='grc'><strong>137).</strong></span> 
     </span>
    </p>

    <p class='ocr_par' dir='ltr' id='par_1_7' title="bbox 202 2305 3152 4225">
     <span class='ocr_line' id='line_1_19' title="bbox 373 2305 3142 2398; baseline -0.002 -23"><span class='ocrx_word' id='word_1_207' title='bbox 373 2308 781 2396; x_wconf 82' lang='lat' dir='ltr'><strong>Praepositio</strong></span> <span class='ocrx_word' id='word_1_208' title='bbox 816 2309 1032 2374; x_wconf 89' lang='lat' dir='ltr'><strong>camb</strong></span> <span class='ocrx_word' id='word_1_209' title='bbox 1046 2310 1221 2375; x_wconf 85' lang='lat' dir='ltr'><strong>rica</strong></span> <span class='ocrx_word' id='word_1_210' title='bbox 1250 2310 1410 2377; x_wconf 89' lang='lat' dir='ltr'><strong>haec</strong></span> <span class='ocrx_word' id='word_1_211' title='bbox 1438 2311 1739 2398; x_wconf 81' lang='lat' dir='ltr'><strong>frequens</strong></span> <span class='ocrx_word' id='word_1_212' title='bbox 1772 2319 1871 2377; x_wconf 82' lang='lat' dir='ltr'><strong>est</strong></span> <span class='ocrx_word' id='word_1_213' title='bbox 1897 2310 1965 2374; x_wconf 89' lang='lat' dir='ltr'><strong>in</strong></span> <span class='ocrx_word' id='word_1_214' title='bbox 1997 2308 2534 2395; x_wconf 79' lang='lat' dir='ltr'><strong>descriptionibus</strong></span> <span class='ocrx_word' id='word_1_215' title='bbox 2564 2308 2784 2373; x_wconf 88' lang='lat' dir='ltr'><strong>finium</strong></span> <span class='ocrx_word' id='word_1_216' title='bbox 2805 2306 2880 2372; x_wconf 89' lang='lat' dir='ltr'><strong>L.</strong></span> <span class='ocrx_word' id='word_1_217' title='bbox 2905 2305 3142 2371; x_wconf 87' lang='lat' dir='ltr'><strong>Land.:</strong></span> 
     </span>
     <span class='ocr_line' id='line_1_20' title="bbox 206 2409 3142 2499; baseline -0.002 -24"><span class='ocrx_word' id='word_1_218' title='bbox 206 2414 291 2497; x_wconf 69' lang='lat' dir='ltr'><strong>dy</strong></span> <span class='ocrx_word' id='word_1_219' title='bbox 334 2414 509 2477; x_wconf 65' lang='lat' dir='ltr'><strong>ceeia</strong></span> <span class='ocrx_word' id='word_1_220' title='bbox 546 2430 629 2495; x_wconf 62' lang='grc' dir='ltr'><strong>φ·</strong></span> <span class='ocrx_word' id='word_1_221' title='bbox 669 2409 904 2495; x_wconf 73' lang='lat' dir='ltr'><strong>mynyd</strong></span> <span class='ocrx_word' id='word_1_222' title='bbox 945 2420 1077 2473; x_wconf 67' lang='lat' dir='ltr'><strong>twa</strong></span> <span class='ocrx_word' id='word_1_223' title='bbox 1124 2432 1207 2495; x_wconf 69' lang='grc' dir='ltr'><strong>φ·</strong></span> <span class='ocrx_word' id='word_1_224' title='bbox 1246 2412 1479 2497; x_wconf 71' lang='lat' dir='ltr'><strong>mynyd</strong></span> <span class='ocrx_word' id='word_1_225' title='bbox 1533 2412 1648 2497; x_wconf 89' lang='lat' dir='ltr'><strong>(ad</strong></span> <span class='ocrx_word' id='word_1_226' title='bbox 1700 2412 1918 2499; x_wconf 87' lang='lat' dir='ltr'><strong>iugum</strong></span> <span class='ocrx_word' id='word_1_227' title='bbox 1973 2411 2236 2491; x_wconf 81' lang='lat' dir='ltr'><strong>montis,</strong></span> <span class='ocrx_word' id='word_1_228' title='bbox 2295 2410 2460 2475; x_wconf 87' lang='lat' dir='ltr'><strong>ultra</strong></span> <span class='ocrx_word' id='word_1_229' title='bbox 2497 2409 2812 2493; x_wconf 87' lang='lat' dir='ltr'><strong>montem)</strong></span> <span class='ocrx_word' id='word_1_230' title='bbox 2863 2410 3000 2474; x_wconf 88' lang='grc'><strong>137.</strong></span> <span class='ocrx_word' id='word_1_231' title='bbox 3068 2430 3142 2471; x_wconf 87' lang='lat' dir='ltr'><strong>or</strong></span> 
     </span>
     <span class='ocr_line' id='line_1_21' title="bbox 202 2511 3142 2600; baseline -0.001 -23"><span class='ocrx_word' id='word_1_232' title='bbox 202 2517 381 2577; x_wconf 76' lang='lat' dir='ltr'><strong>main</strong></span> <span class='ocrx_word' id='word_1_233' title='bbox 424 2514 649 2578; x_wconf 75' lang='lat' dir='ltr'><strong>iniaun</strong></span> <span class='ocrx_word' id='word_1_234' title='bbox 704 2523 837 2575; x_wconf 63' lang='lat' dir='ltr'><strong>tvm</strong></span> <span class='ocrx_word' id='word_1_235' title='bbox 877 2514 940 2575; x_wconf 74' lang='lat' dir='ltr'><strong>ir</strong></span> <span class='ocrx_word' id='word_1_236' title='bbox 980 2513 1184 2577; x_wconf 79' lang='lat' dir='ltr'><strong>minid</strong></span> <span class='ocrx_word' id='word_1_237' title='bbox 1226 2512 1333 2576; x_wconf 77' lang='lat' dir='ltr'><strong>dir</strong></span> <span class='ocrx_word' id='word_1_238' title='bbox 1365 2536 1575 2600; x_wconf 73' lang='lat' dir='ltr'><strong>quozm</strong></span> <span class='ocrx_word' id='word_1_239' title='bbox 1620 2515 1723 2578; x_wconf 82' lang='lat' dir='ltr'><strong>dir</strong></span> <span class='ocrx_word' id='word_1_240' title='bbox 1760 2514 1994 2600; x_wconf 71' lang='lat' dir='ltr'><strong>qul-iple</strong></span> <span class='ocrx_word' id='word_1_241' title='bbox 2046 2512 2117 2596; x_wconf 88' lang='lat' dir='ltr'><strong>(a</strong></span> <span class='ocrx_word' id='word_1_242' title='bbox 2157 2511 2370 2599; x_wconf 89' lang='lat' dir='ltr'><strong>lapide</strong></span> <span class='ocrx_word' id='word_1_243' title='bbox 2411 2522 2588 2577; x_wconf 85' lang='lat' dir='ltr'><strong>recta</strong></span> <span class='ocrx_word' id='word_1_244' title='bbox 2643 2523 2820 2577; x_wconf 75' lang='lat' dir='ltr'><strong>trans</strong></span> <span class='ocrx_word' id='word_1_245' title='bbox 2865 2520 3142 2575; x_wconf 84' lang='lat' dir='ltr'><strong>montem</strong></span> 
     </span>
     <span class='ocr_line' id='line_1_22' title="bbox 204 2612 3146 2701; baseline -0.001 -22"><span class='ocrx_word' id='word_1_246' title='bbox 204 2616 287 2679; x_wconf 86' lang='lat' dir='ltr'><strong>ad</strong></span> <span class='ocrx_word' id='word_1_247' title='bbox 326 2613 663 2701; x_wconf 75' lang='lat' dir='ltr'><strong>paludem,</strong></span> <span class='ocrx_word' id='word_1_248' title='bbox 710 2614 794 2679; x_wconf 88' lang='lat' dir='ltr'><strong>ad</strong></span> <span class='ocrx_word' id='word_1_249' title='bbox 838 2614 1047 2679; x_wconf 88' lang='lat' dir='ltr'><strong>locum</strong></span> <span class='ocrx_word' id='word_1_250' title='bbox 1086 2613 1439 2699; x_wconf 87' lang='lat' dir='ltr'><strong>humidum)</strong></span> <span class='ocrx_word' id='word_1_251' title='bbox 1486 2614 1629 2680; x_wconf 89' lang='grc'><strong>232.</strong></span> <span class='ocrx_word' id='word_1_252' title='bbox 1693 2627 1825 2680; x_wconf 64' lang='lat' dir='ltr'><strong>true</strong></span> <span class='ocrx_word' id='word_1_253' title='bbox 1875 2618 1905 2679; x_wconf 80' lang='lat' dir='ltr'><strong>i</strong></span> <span class='ocrx_word' id='word_1_254' title='bbox 1927 2615 2067 2699; x_wconf 72' lang='lat' dir='ltr'><strong>foss</strong></span> <span class='ocrx_word' id='word_1_255' title='bbox 2110 2614 2325 2677; x_wconf 72' lang='lat' dir='ltr'><strong>hatrue</strong></span> <span class='ocrx_word' id='word_1_256' title='bbox 2375 2614 2406 2675; x_wconf 78' lang='lat' dir='ltr'><strong>i</strong></span> <span class='ocrx_word' id='word_1_257' title='bbox 2443 2614 2606 2677; x_wconf 74' lang='lat' dir='ltr'><strong>cecin</strong></span> <span class='ocrx_word' id='word_1_258' title='bbox 2661 2614 2865 2698; x_wconf 81' lang='lat' dir='ltr'><strong>(trans</strong></span> <span class='ocrx_word' id='word_1_259' title='bbox 2907 2612 3146 2677; x_wconf 78' lang='lat' dir='ltr'><strong>fossam</strong></span> 
     </span>
     <span class='ocr_line' id='line_1_23' title="bbox 206 2713 3142 2804; baseline -0.002 -22"><span class='ocrx_word' id='word_1_260' title='bbox 206 2728 269 2782; x_wconf 87' lang='lat' dir='ltr'><strong>et</strong></span> <span class='ocrx_word' id='word_1_261' title='bbox 308 2726 495 2781; x_wconf 78' lang='lat' dir='ltr'><strong>trans</strong></span> <span class='ocrx_word' id='word_1_262' title='bbox 540 2715 832 2800; x_wconf 81' lang='lat' dir='ltr'><strong>dorsum)</strong></span> <span class='ocrx_word' id='word_1_263' title='bbox 886 2717 1029 2782; x_wconf 89' lang='grc'><strong>218.</strong></span> <span class='ocrx_word' id='word_1_264' title='bbox 1082 2738 1215 2803; x_wconf 79' lang='lat' dir='ltr'><strong>pop</strong></span> <span class='ocrx_word' id='word_1_265' title='bbox 1259 2718 1635 2804; x_wconf 64' lang='lat' dir='ltr'><strong>ayltaflauan</strong></span> <span class='ocrx_word' id='word_1_266' title='bbox 1688 2715 1946 2802; x_wconf 71' lang='lat' dir='ltr'><strong>aquenel</strong></span> <span class='ocrx_word' id='word_1_267' title='bbox 1992 2737 2176 2802; x_wconf 63' lang='lat' dir='ltr'><strong>qrqyc</strong></span> <span class='ocrx_word' id='word_1_268' title='bbox 2231 2715 2379 2779; x_wconf 79' lang='lat' dir='ltr'><strong>talet</strong></span> <span class='ocrx_word' id='word_1_269' title='bbox 2435 2715 2707 2779; x_wconf 81' lang='lat' dir='ltr'><strong>ekenedel</strong></span> <span class='ocrx_word' id='word_1_270' title='bbox 2757 2714 2968 2799; x_wconf 72' lang='lat' dir='ltr'><strong>troady</strong></span> <span class='ocrx_word' id='word_1_271' title='bbox 3009 2713 3142 2775; x_wconf 79' lang='lat' dir='ltr'><strong>mal</strong></span> 
     </span>
     <span class='ocr_line' id='line_1_24' title="bbox 210 2815 3142 2905; baseline -0.001 -24"><span class='ocrx_word' id='word_1_272' title='bbox 210 2828 335 2883; x_wconf 69' lang='lat' dir='ltr'><strong>tros</strong></span> <span class='ocrx_word' id='word_1_273' title='bbox 374 2840 505 2904; x_wconf 69' lang='lat' dir='ltr'><strong>qm·</strong></span> <span class='ocrx_word' id='word_1_274' title='bbox 546 2838 667 2902; x_wconf 58' lang='grc' dir='ltr'><em>οπερ]</em></span> <span class='ocrx_word' id='word_1_275' title='bbox 726 2816 833 2902; x_wconf 75' lang='lat' dir='ltr'><strong>byt</strong></span> <span class='ocrx_word' id='word_1_276' title='bbox 856 2840 1147 2904; x_wconf 59' lang='grc' dir='ltr'><strong>,φιν-μιαι-</strong></span> <span class='ocrx_word' id='word_1_277' title='bbox 1200 2818 1543 2905; x_wconf 86' lang='lat' dir='ltr'><strong>(quidquid</strong></span> <span class='ocrx_word' id='word_1_278' title='bbox 1584 2818 2008 2883; x_wconf 78' lang='lat' dir='ltr'><strong>inviolentum·</strong></span> <span class='ocrx_word' id='word_1_279' title='bbox 2049 2815 2276 2881; x_wconf 85' lang='lat' dir='ltr'><strong>fecerit</strong></span> <span class='ocrx_word' id='word_1_280' title='bbox 2314 2816 2542 2882; x_wconf 85' lang='lat' dir='ltr'><strong>mulier</strong></span> <span class='ocrx_word' id='word_1_281' title='bbox 2555 2868 2572 2899; x_wconf 92' lang='lat'>,</span> <span class='ocrx_word' id='word_1_282' title='bbox 2626 2816 2940 2903; x_wconf 77' lang='lat' dir='ltr'><strong>rependat</strong></span> <span class='ocrx_word' id='word_1_283' title='bbox 2979 2837 3142 2901; x_wconf 81' lang='lat' dir='ltr'><strong>gens</strong></span> 
     </span>
     <span class='ocr_line' id='line_1_25' title="bbox 208 2917 3147 3005; baseline -0.002 -21"><span class='ocrx_word' id='word_1_284' title='bbox 208 2920 346 2985; x_wconf 86' lang='lat' dir='ltr'><strong>eius</strong></span> <span class='ocrx_word' id='word_1_285' title='bbox 416 2942 534 3005; x_wconf 89' lang='lat' dir='ltr'><strong>pro</strong></span> <span class='ocrx_word' id='word_1_286' title='bbox 592 2940 671 2984; x_wconf 88' lang='lat' dir='ltr'><strong>ea</strong></span> <span class='ocrx_word' id='word_1_287' title='bbox 725 2928 796 2983; x_wconf 86' lang='lat' dir='ltr'><strong>ut</strong></span> <span class='ocrx_word' id='word_1_288' title='bbox 846 2940 963 3005; x_wconf 88' lang='lat' dir='ltr'><strong>pro</strong></span> <span class='ocrx_word' id='word_1_289' title='bbox 1018 2920 1186 3002; x_wconf 79' lang='lat' dir='ltr'><strong>viro,</strong></span> <span class='ocrx_word' id='word_1_290' title='bbox 1253 2920 1311 2987; x_wconf 83' lang='lat' dir='ltr'><strong>si</strong></span> <span class='ocrx_word' id='word_1_291' title='bbox 1362 2944 1499 2987; x_wconf 86' lang='lat' dir='ltr'><strong>non</strong></span> <span class='ocrx_word' id='word_1_292' title='bbox 1562 2922 1684 2987; x_wconf 86' lang='lat' dir='ltr'><strong>erit</strong></span> <span class='ocrx_word' id='word_1_293' title='bbox 1734 2917 2071 3002; x_wconf 86' lang='lat' dir='ltr'><strong>maritata)</strong></span> <span class='ocrx_word' id='word_1_294' title='bbox 2125 2918 2282 3003; x_wconf 81' lang='lat' dir='ltr'><strong>Leg.</strong></span> <span class='ocrx_word' id='word_1_295' title='bbox 2335 2920 2394 3000; x_wconf 89' lang='grc'><strong>2,</strong></span> <span class='ocrx_word' id='word_1_296' title='bbox 2448 2923 2504 3001; x_wconf 91' lang='grc'><strong>1,</strong></span> <span class='ocrx_word' id='word_1_297' title='bbox 2546 2921 2647 2985; x_wconf 88' lang='grc'><strong>81.</strong></span> <span class='ocrx_word' id='word_1_298' title='bbox 2745 2917 3072 2983; x_wconf 79' lang='lat' dir='ltr'><strong>Destituta</strong></span> <span class='ocrx_word' id='word_1_299' title='bbox 3123 2928 3147 2979; x_wconf 81' lang='lat' dir='ltr'><strong>t</strong></span> 
     </span>
     <span class='ocr_line' id='line_1_26' title="bbox 203 3012 3144 3107; baseline -0 -22"><span class='ocrx_word' id='word_1_300' title='bbox 203 3022 271 3085; x_wconf 88' lang='lat' dir='ltr'><strong>in</strong></span> <span class='ocrx_word' id='word_1_301' title='bbox 312 3019 529 3086; x_wconf 77' lang='lat' dir='ltr'><strong>Mab.:</strong></span> <span class='ocrx_word' id='word_1_302' title='bbox 576 3019 687 3085; x_wconf 76' lang='lat' dir='ltr'><strong>val</strong></span> <span class='ocrx_word' id='word_1_303' title='bbox 724 3021 925 3105; x_wconf 74' lang='lat' dir='ltr'><strong>ydoed</strong></span> <span class='ocrx_word' id='word_1_304' title='bbox 960 3022 1257 3106; x_wconf 60' lang='lat' dir='ltr'><strong>psalm-det</strong></span> <span class='ocrx_word' id='word_1_305' title='bbox 1297 3023 1441 3087; x_wconf 64' lang='lat' dir='ltr'><strong>droa</strong></span> <span class='ocrx_word' id='word_1_306' title='bbox 1479 3023 1686 3107; x_wconf 71' lang='lat' dir='ltr'><strong>vynyd</strong></span> <span class='ocrx_word' id='word_1_307' title='bbox 1727 3021 1904 3106; x_wconf 87' lang='lat' dir='ltr'><strong>(cum</strong></span> <span class='ocrx_word' id='word_1_308' title='bbox 1947 3031 2120 3087; x_wconf 80' lang='lat' dir='ltr'><strong>esset</strong></span> <span class='ocrx_word' id='word_1_309' title='bbox 2157 3021 2573 3107; x_wconf 79' lang='lat' dir='ltr'><strong>proficiscens</strong></span> <span class='ocrx_word' id='word_1_310' title='bbox 2615 3012 2793 3086; x_wconf 79' lang='lat' dir='ltr'><strong>trans</strong></span> <span class='ocrx_word' id='word_1_311' title='bbox 2835 3019 3144 3103; x_wconf 87' lang='lat' dir='ltr'><strong>montem)</strong></span> 
     </span>
     <span class='ocr_line' id='line_1_27' title="bbox 206 3120 3152 3211; baseline -0.001 -24"><span class='ocrx_word' id='word_1_312' title='bbox 206 3124 263 3201; x_wconf 84' lang='grc'><strong>2,</strong></span> <span class='ocrx_word' id='word_1_313' title='bbox 298 3125 449 3189; x_wconf 85' lang='grc'><strong>235.</strong></span> <span class='ocrx_word' id='word_1_314' title='bbox 524 3122 603 3207; x_wconf 78' lang='lat' dir='ltr'><strong>es</strong></span> <span class='ocrx_word' id='word_1_315' title='bbox 630 3122 907 3210; x_wconf 70' lang='lat' dir='ltr'><strong>atebyqei</strong></span> <span class='ocrx_word' id='word_1_316' title='bbox 942 3136 1043 3187; x_wconf 75' lang='lat' dir='ltr'><strong>vot</strong></span> <span class='ocrx_word' id='word_1_317' title='bbox 1077 3125 1353 3210; x_wconf 71' lang='lat' dir='ltr'><strong>ymynyd</strong></span> <span class='ocrx_word' id='word_1_318' title='bbox 1392 3122 1708 3211; x_wconf 68' lang='lat' dir='ltr'><strong>ynyyfuch</strong></span> <span class='ocrx_word' id='word_1_319' title='bbox 1749 3144 1827 3185; x_wconf 77' lang='lat' dir='ltr'><strong>ar</strong></span> <span class='ocrx_word' id='word_1_320' title='bbox 1871 3144 2060 3207; x_wconf 73' lang='lat' dir='ltr'><strong>awyr.</strong></span> <span class='ocrx_word' id='word_1_321' title='bbox 2105 3124 2317 3209; x_wconf 72' lang='lat' dir='ltr'><strong>aphau</strong></span> <span class='ocrx_word' id='word_1_322' title='bbox 2361 3122 2538 3187; x_wconf 70' lang='lat' dir='ltr'><strong>deaei</strong></span> <span class='ocrx_word' id='word_1_323' title='bbox 2579 3122 2726 3185; x_wconf 67' lang='lat' dir='ltr'><strong>droa</strong></span> <span class='ocrx_word' id='word_1_324' title='bbox 2763 3120 3038 3207; x_wconf 66' lang='lat' dir='ltr'><strong>ymynyd</strong></span> <span class='ocrx_word' id='word_1_325' title='bbox 3081 3120 3152 3203; x_wconf 84' lang='lat' dir='ltr'><strong>ef</strong></span> 
     </span>
     <span class='ocr_line' id='line_1_28' title="bbox 204 3221 3148 3311; baseline -0.001 -24"><span class='ocrx_word' id='word_1_326' title='bbox 204 3225 427 3288; x_wconf 79' lang='lat' dir='ltr'><strong>awelei</strong></span> <span class='ocrx_word' id='word_1_327' title='bbox 459 3246 507 3309; x_wconf 79' lang='lat' dir='ltr'><strong><em>y</em></strong></span> <span class='ocrx_word' id='word_1_328' title='bbox 550 3234 657 3289; x_wconf 76' lang='lat' dir='ltr'><strong>uot</strong></span> <span class='ocrx_word' id='word_1_329' title='bbox 692 3244 781 3309; x_wconf 80' lang='lat' dir='ltr'><strong>yn</strong></span> <span class='ocrx_word' id='word_1_330' title='bbox 827 3222 1035 3289; x_wconf 74' lang='lat' dir='ltr'><strong>ker-det</strong></span> <span class='ocrx_word' id='word_1_331' title='bbox 1070 3224 1391 3311; x_wconf 73' lang='lat' dir='ltr'><strong>qwladoed</strong></span> <span class='ocrx_word' id='word_1_332' title='bbox 1434 3224 1634 3306; x_wconf 79' lang='lat' dir='ltr'><strong>teccaf</strong></span> <span class='ocrx_word' id='word_1_333' title='bbox 1668 3249 1712 3290; x_wconf 84' lang='lat' dir='ltr'><strong>a</strong></span> <span class='ocrx_word' id='word_1_334' title='bbox 1746 3226 2118 3309; x_wconf 74' lang='lat' dir='ltr'><strong>qwastattas</strong></span> <span class='ocrx_word' id='word_1_335' title='bbox 2149 3224 2389 3288; x_wconf 66' lang='lat' dir='ltr'><strong>awelaei</strong></span> <span class='ocrx_word' id='word_1_336' title='bbox 2428 3225 2553 3309; x_wconf 73' lang='lat' dir='ltr'><strong>dyn</strong></span> <span class='ocrx_word' id='word_1_337' title='bbox 2596 3226 2822 3307; x_wconf 61' lang='grc' dir='ltr'><strong>εἰσ-μοστ</strong></span> <span class='ocrx_word' id='word_1_338' title='bbox 2863 3242 2934 3284; x_wconf 83' lang='lat' dir='ltr'><strong>or</strong></span> <span class='ocrx_word' id='word_1_339' title='bbox 2958 3221 3148 3306; x_wconf 71' lang='lat' dir='ltr'><strong>parth.</strong></span> 
     </span>
     <span class='ocr_line' id='line_1_29' title="bbox 204 3324 3145 3412; baseline -0.001 -21"><span class='ocrx_word' id='word_1_340' title='bbox 204 3326 379 3391; x_wconf 71' lang='lat' dir='ltr'><strong>araz!</strong></span> <span class='ocrx_word' id='word_1_341' title='bbox 414 3348 499 3411; x_wconf 64' lang='grc' dir='ltr'><strong>φ·</strong></span> <span class='ocrx_word' id='word_1_342' title='bbox 539 3324 775 3411; x_wconf 75' lang='lat' dir='ltr'><strong>mynyd</strong></span> <span class='ocrx_word' id='word_1_343' title='bbox 823 3324 997 3411; x_wconf 81' lang='lat' dir='ltr'><strong>(ipse</strong></span> <span class='ocrx_word' id='word_1_344' title='bbox 1040 3324 1363 3411; x_wconf 79' lang='lat' dir='ltr'><strong>cogitabat</strong></span> <span class='ocrx_word' id='word_1_345' title='bbox 1404 3347 1551 3391; x_wconf 81' lang='lat' dir='ltr'><strong>esse</strong></span> <span class='ocrx_word' id='word_1_346' title='bbox 1593 3333 1872 3390; x_wconf 88' lang='lat' dir='ltr'><strong>montem</strong></span> <span class='ocrx_word' id='word_1_347' title='bbox 1931 3348 2140 3412; x_wconf 89' lang='lat' dir='ltr'><strong>aeque</strong></span> <span class='ocrx_word' id='word_1_348' title='bbox 2181 3326 2376 3392; x_wconf 83' lang='lat' dir='ltr'><strong>altum</strong></span> <span class='ocrx_word' id='word_1_349' title='bbox 2419 3335 2608 3411; x_wconf 79' lang='lat' dir='ltr'><strong>atque</strong></span> <span class='ocrx_word' id='word_1_350' title='bbox 2653 3333 2834 3404; x_wconf 75' lang='lat' dir='ltr'><strong>aera3</strong></span> <span class='ocrx_word' id='word_1_351' title='bbox 2893 3333 2957 3387; x_wconf 86' lang='lat' dir='ltr'><strong>et</strong></span> <span class='ocrx_word' id='word_1_352' title='bbox 2999 3346 3145 3389; x_wconf 89' lang='lat' dir='ltr'><strong>cum</strong></span> 
     </span>
     <span class='ocr_line' id='line_1_30' title="bbox 205 3426 3146 3514; baseline -0.001 -21"><span class='ocrx_word' id='word_1_353' title='bbox 205 3428 461 3493; x_wconf 82' lang='lat' dir='ltr'><strong>veniret</strong></span> <span class='ocrx_word' id='word_1_354' title='bbox 502 3436 679 3493; x_wconf 75' lang='lat' dir='ltr'><strong>trans</strong></span> <span class='ocrx_word' id='word_1_355' title='bbox 722 3434 1030 3507; x_wconf 88' lang='lat' dir='ltr'><strong>montem,</strong></span> <span class='ocrx_word' id='word_1_356' title='bbox 1086 3427 1349 3493; x_wconf 80' lang='lat' dir='ltr'><strong>videbat</strong></span> <span class='ocrx_word' id='word_1_357' title='bbox 1404 3448 1474 3492; x_wconf 83' lang='lat' dir='ltr'><strong>se</strong></span> <span class='ocrx_word' id='word_1_358' title='bbox 1518 3426 2028 3513; x_wconf 81' lang='lat' dir='ltr'><strong>proficiscentem</strong></span> <span class='ocrx_word' id='word_1_359' title='bbox 2079 3449 2194 3512; x_wconf 90' lang='lat' dir='ltr'><strong>per</strong></span> <span class='ocrx_word' id='word_1_360' title='bbox 2236 3428 2534 3513; x_wconf 82' lang='lat' dir='ltr'><strong>regiones</strong></span> <span class='ocrx_word' id='word_1_361' title='bbox 2577 3426 3034 3514; x_wconf 82' lang='lat' dir='ltr'><strong>pulcherrimas</strong></span> <span class='ocrx_word' id='word_1_362' title='bbox 3080 3436 3146 3491; x_wconf 90' lang='lat' dir='ltr'><strong>et</strong></span> 
     </span>
     <span class='ocr_line' id='line_1_31' title="bbox 204 3527 3142 3615; baseline -0 -21"><span class='ocrx_word' id='word_1_363' title='bbox 204 3529 625 3615; x_wconf 79' lang='lat' dir='ltr'><strong>planissimae</strong></span> <span class='ocrx_word' id='word_1_364' title='bbox 639 3576 658 3609; x_wconf 87' lang='lat'>,</span> <span class='ocrx_word' id='word_1_365' title='bbox 713 3549 873 3615; x_wconf 79' lang='lat' dir='ltr'><strong>quae</strong></span> <span class='ocrx_word' id='word_1_366' title='bbox 920 3527 1063 3614; x_wconf 79' lang='lat' dir='ltr'><strong>quia</strong></span> <span class='ocrx_word' id='word_1_367' title='bbox 1108 3528 1355 3593; x_wconf 81' lang='lat' dir='ltr'><strong>viderat</strong></span> <span class='ocrx_word' id='word_1_368' title='bbox 1394 3550 1671 3614; x_wconf 88' lang='lat' dir='ltr'><strong>unquam</strong></span> <span class='ocrx_word' id='word_1_369' title='bbox 1728 3548 1767 3590; x_wconf 88' lang='lat' dir='ltr'><strong>a</strong></span> <span class='ocrx_word' id='word_1_370' title='bbox 1811 3538 1992 3614; x_wconf 88' lang='lat' dir='ltr'><strong>parte</strong></span> <span class='ocrx_word' id='word_1_371' title='bbox 2037 3529 2235 3595; x_wconf 88' lang='lat' dir='ltr'><strong>altera</strong></span> <span class='ocrx_word' id='word_1_372' title='bbox 2275 3528 2543 3613; x_wconf 85' lang='lat' dir='ltr'><strong>montis)</strong></span> <span class='ocrx_word' id='word_1_373' title='bbox 2588 3529 2646 3611; x_wconf 89' lang='lat'><strong>3,</strong></span> <span class='ocrx_word' id='word_1_374' title='bbox 2682 3528 2827 3595; x_wconf 88' lang='grc'><strong>264.</strong></span> <span class='ocrx_word' id='word_1_375' title='bbox 2891 3550 2972 3613; x_wconf 76' lang='lat' dir='ltr'><strong>yr</strong></span> <span class='ocrx_word' id='word_1_376' title='bbox 3008 3551 3142 3613; x_wconf 78' lang='lat' dir='ltr'><strong>pan</strong></span> 
     </span>
     <span class='ocr_line' id='line_1_32' title="bbox 205 3629 3142 3716; baseline 0 -21"><span class='ocrx_word' id='word_1_377' title='bbox 205 3632 619 3716; x_wconf 70' lang='lat' dir='ltr'><strong>daethoedynt</strong></span> <span class='ocrx_word' id='word_1_378' title='bbox 661 3631 806 3693; x_wconf 70' lang='lat' dir='ltr'><strong>droa</strong></span> <span class='ocrx_word' id='word_1_379' title='bbox 846 3652 961 3693; x_wconf 80' lang='lat' dir='ltr'><strong>um·</strong></span> <span class='ocrx_word' id='word_1_380' title='bbox 1001 3631 1273 3695; x_wconf 78' lang='lat' dir='ltr'><strong>iwerdon</strong></span> <span class='ocrx_word' id='word_1_381' title='bbox 1317 3630 1430 3714; x_wconf 85' lang='lat' dir='ltr'><strong>(ex</strong></span> <span class='ocrx_word' id='word_1_382' title='bbox 1472 3652 1597 3716; x_wconf 89' lang='lat' dir='ltr'><strong>quo</strong></span> <span class='ocrx_word' id='word_1_383' title='bbox 1641 3639 1950 3695; x_wconf 85' lang='lat' dir='ltr'><strong>venerant</strong></span> <span class='ocrx_word' id='word_1_384' title='bbox 1989 3640 2166 3695; x_wconf 81' lang='lat' dir='ltr'><strong>trans</strong></span> <span class='ocrx_word' id='word_1_385' title='bbox 2209 3652 2382 3695; x_wconf 88' lang='lat' dir='ltr'><strong>mare</strong></span> <span class='ocrx_word' id='word_1_386' title='bbox 2423 3629 2853 3714; x_wconf 86' lang='lat' dir='ltr'><strong>hibernicum)</strong></span> <span class='ocrx_word' id='word_1_387' title='bbox 2899 3630 2957 3710; x_wconf 89' lang='grc'><strong>2,</strong></span> <span class='ocrx_word' id='word_1_388' title='bbox 3000 3631 3142 3695; x_wconf 82' lang='grc'><strong>244.</strong></span> 
     </span>
     <span class='ocr_line' id='line_1_33' title="bbox 204 3730 3146 3819; baseline -0 -23"><span class='ocrx_word' id='word_1_389' title='bbox 204 3735 295 3796; x_wconf 75' lang='lat' dir='ltr'><strong>mi</strong></span> <span class='ocrx_word' id='word_1_390' title='bbox 335 3732 658 3815; x_wconf 72' lang='lat' dir='ltr'><strong>athrodaf</strong></span> <span class='ocrx_word' id='word_1_391' title='bbox 689 3732 832 3796; x_wconf 69' lang='lat' dir='ltr'><strong>droa</strong></span> <span class='ocrx_word' id='word_1_392' title='bbox 871 3730 1025 3817; x_wconf 75' lang='lat' dir='ltr'><strong>ykae</strong></span> <span class='ocrx_word' id='word_1_393' title='bbox 1079 3731 1233 3819; x_wconf 87' lang='lat' dir='ltr'><strong>(ego</strong></span> <span class='ocrx_word' id='word_1_394' title='bbox 1276 3754 1509 3819; x_wconf 88' lang='lat' dir='ltr'><strong>ponam</strong></span> <span class='ocrx_word' id='word_1_395' title='bbox 1550 3740 1618 3796; x_wconf 85' lang='lat' dir='ltr'><strong>te</strong></span> <span class='ocrx_word' id='word_1_396' title='bbox 1661 3731 1827 3797; x_wconf 85' lang='lat' dir='ltr'><strong>ultra</strong></span> <span class='ocrx_word' id='word_1_397' title='bbox 1867 3730 2256 3817; x_wconf 85' lang='lat' dir='ltr'><strong>fruticetum)</strong></span> <span class='ocrx_word' id='word_1_398' title='bbox 2302 3733 2359 3813; x_wconf 90' lang='grc'><strong>2,</strong></span> <span class='ocrx_word' id='word_1_399' title='bbox 2391 3732 2494 3797; x_wconf 89' lang='grc'><strong>60.</strong></span> <span class='ocrx_word' id='word_1_400' title='bbox 2559 3753 2603 3815; x_wconf 75' lang='lat' dir='ltr'><em>y</em></span> <span class='ocrx_word' id='word_1_401' title='bbox 2639 3731 2769 3817; x_wconf 75' lang='lat' dir='ltr'><strong>ylot</strong></span> <span class='ocrx_word' id='word_1_402' title='bbox 2805 3754 2893 3816; x_wconf 71' lang='lat' dir='ltr'><strong>yn</strong></span> <span class='ocrx_word' id='word_1_403' title='bbox 2935 3732 3146 3795; x_wconf 75' lang='lat' dir='ltr'><strong>ekedec</strong></span> 
     </span>
     <span class='ocr_line' id='line_1_34' title="bbox 206 3831 3145 3919; baseline 0 -22"><span class='ocrx_word' id='word_1_404' title='bbox 206 3836 355 3899; x_wconf 68' lang='lat' dir='ltr'><strong>droa</strong></span> <span class='ocrx_word' id='word_1_405' title='bbox 400 3833 613 3918; x_wconf 71' lang='lat' dir='ltr'><strong>wyneb</strong></span> <span class='ocrx_word' id='word_1_406' title='bbox 650 3856 695 3917; x_wconf 76' lang='lat' dir='ltr'><em>y</em></span> <span class='ocrx_word' id='word_1_407' title='bbox 736 3834 1000 3919; x_wconf 74' lang='lat' dir='ltr'><strong>deyrmw</strong></span> <span class='ocrx_word' id='word_1_408' title='bbox 1056 3831 1291 3918; x_wconf 79' lang='lat' dir='ltr'><strong>(gloria</strong></span> <span class='ocrx_word' id='word_1_409' title='bbox 1334 3834 1473 3899; x_wconf 74' lang='lat' dir='ltr'><strong>eius</strong></span> <span class='ocrx_word' id='word_1_410' title='bbox 1518 3832 1781 3899; x_wconf 86' lang='lat' dir='ltr'><strong>dilatata</strong></span> <span class='ocrx_word' id='word_1_411' title='bbox 1824 3832 1988 3897; x_wconf 86' lang='lat' dir='ltr'><strong>ultra</strong></span> <span class='ocrx_word' id='word_1_412' title='bbox 2027 3834 2192 3899; x_wconf 80' lang='lat' dir='ltr'><strong>fines</strong></span> <span class='ocrx_word' id='word_1_413' title='bbox 2235 3833 2488 3919; x_wconf 89' lang='lat' dir='ltr'><strong>imperii</strong></span> <span class='ocrx_word' id='word_1_414' title='bbox 2533 3831 2704 3915; x_wconf 80' lang='lat' dir='ltr'><strong>eius)</strong></span> <span class='ocrx_word' id='word_1_415' title='bbox 2748 3833 2806 3913; x_wconf 89' lang='grc'><strong>2,</strong></span> <span class='ocrx_word' id='word_1_416' title='bbox 2842 3831 2944 3899; x_wconf 92' lang='grc'><strong>28.</strong></span> <span class='ocrx_word' id='word_1_417' title='bbox 3004 3834 3145 3897; x_wconf 73' lang='grc' dir='ltr'><strong>ἄνυε</strong></span> 
     </span>
     <span class='ocr_line' id='line_1_35' title="bbox 204 3933 3146 4021; baseline -0.001 -22"><span class='ocrx_word' id='word_1_418' title='bbox 204 3934 429 4020; x_wconf 74' lang='lat' dir='ltr'><strong>wyneb</strong></span> <span class='ocrx_word' id='word_1_419' title='bbox 464 3957 547 4021; x_wconf 66' lang='grc' dir='ltr'><strong>φ·</strong></span> <span class='ocrx_word' id='word_1_420' title='bbox 582 3956 741 4021; x_wconf 73' lang='lat' dir='ltr'><strong>ynye</strong></span> <span class='ocrx_word' id='word_1_421' title='bbox 781 3934 991 4019; x_wconf 79' lang='lat' dir='ltr'><strong>(trans</strong></span> <span class='ocrx_word' id='word_1_422' title='bbox 1032 3934 1259 4001; x_wconf 86' lang='lat' dir='ltr'><strong>faciem</strong></span> <span class='ocrx_word' id='word_1_423' title='bbox 1302 3934 1579 4016; x_wconf 81' lang='lat' dir='ltr'><strong>insulae,</strong></span> <span class='ocrx_word' id='word_1_424' title='bbox 1634 3958 1749 4021; x_wconf 86' lang='lat' dir='ltr'><strong>per</strong></span> <span class='ocrx_word' id='word_1_425' title='bbox 1789 3935 2094 4020; x_wconf 69' lang='lat' dir='ltr'><strong>insulam)</strong></span> <span class='ocrx_word' id='word_1_426' title='bbox 2154 3938 2210 4017; x_wconf 92' lang='lat'><strong>3,</strong></span> <span class='ocrx_word' id='word_1_427' title='bbox 2259 3936 2401 4001; x_wconf 87' lang='grc'><strong>299.</strong></span> <span class='ocrx_word' id='word_1_428' title='bbox 2467 3933 2681 4021; x_wconf 72' lang='lat' dir='ltr'><strong>ywallt</strong></span> <span class='ocrx_word' id='word_1_429' title='bbox 2743 3934 2885 3998; x_wconf 63' lang='lat' dir='ltr'><strong>droa</strong></span> <span class='ocrx_word' id='word_1_430' title='bbox 2923 3958 2968 4019; x_wconf 78' lang='lat' dir='ltr'><strong><em>y</em></strong></span> <span class='ocrx_word' id='word_1_431' title='bbox 3008 3935 3146 4019; x_wconf 74' lang='lat' dir='ltr'><strong>dwy</strong></span> 
     </span>
     <span class='ocr_line' id='line_1_36' title="bbox 204 4036 3146 4125; baseline -0.001 -24"><span class='ocrx_word' id='word_1_432' title='bbox 204 4037 463 4125; x_wconf 69' lang='lat' dir='ltr'><strong>yequd</strong></span> <span class='ocrx_word' id='word_1_433' title='bbox 502 4036 856 4121; x_wconf 79' lang='lat' dir='ltr'><strong>(caesaries</strong></span> <span class='ocrx_word' id='word_1_434' title='bbox 902 4059 1095 4124; x_wconf 82' lang='lat' dir='ltr'><strong>super</strong></span> <span class='ocrx_word' id='word_1_435' title='bbox 1118 4057 1393 4116; x_wconf 77' lang='lat' dir='ltr'><strong>umeros,</strong></span> <span class='ocrx_word' id='word_1_436' title='bbox 1441 4036 1711 4121; x_wconf 80' lang='lat' dir='ltr'><strong>cadens)</strong></span> <span class='ocrx_word' id='word_1_437' title='bbox 1750 4040 1802 4119; x_wconf 92' lang='lat' dir='ltr'><strong>l,</strong></span> <span class='ocrx_word' id='word_1_438' title='bbox 1839 4040 1936 4102; x_wconf 94' lang='grc'><strong>17.</strong></span> <span class='ocrx_word' id='word_1_439' title='bbox 1994 4038 2214 4120; x_wconf 82' lang='lat' dir='ltr'><strong>diodef</strong></span> <span class='ocrx_word' id='word_1_440' title='bbox 2233 4061 2320 4101; x_wconf 75' lang='lat' dir='ltr'><strong>un</strong></span> <span class='ocrx_word' id='word_1_441' title='bbox 2347 4038 2504 4124; x_wconf 71' lang='lat' dir='ltr'><strong>cry-it</strong></span> <span class='ocrx_word' id='word_1_442' title='bbox 2544 4037 2687 4100; x_wconf 69' lang='lat' dir='ltr'><strong>droa</strong></span> <span class='ocrx_word' id='word_1_443' title='bbox 2716 4058 2792 4101; x_wconf 81' lang='lat' dir='ltr'><strong>eu</strong></span> <span class='ocrx_word' id='word_1_444' title='bbox 2825 4036 3146 4121; x_wconf 70' lang='lat' dir='ltr'><strong>karylwyd</strong></span> 
     </span>
     <span class='ocr_line' id='line_1_37' title="bbox 214 4137 2216 4225; baseline -0 -20"><span class='ocrx_word' id='word_1_445' title='bbox 214 4140 379 4225; x_wconf 85' lang='lat' dir='ltr'><strong>(pati</strong></span> <span class='ocrx_word' id='word_1_446' title='bbox 430 4160 619 4203; x_wconf 86' lang='lat' dir='ltr'><strong>unam</strong></span> <span class='ocrx_word' id='word_1_447' title='bbox 660 4137 923 4225; x_wconf 83' lang='lat' dir='ltr'><strong>plagam</strong></span> <span class='ocrx_word' id='word_1_448' title='bbox 963 4138 1104 4205; x_wconf 91' lang='lat' dir='ltr'><strong>loco</strong></span> <span class='ocrx_word' id='word_1_449' title='bbox 1150 4138 1269 4219; x_wconf 81' lang='lat' dir='ltr'><strong>sui,</strong></span> <span class='ocrx_word' id='word_1_450' title='bbox 1314 4139 1616 4223; x_wconf 75' lang='lat' dir='ltr'><strong>ipsorum,</strong></span> <span class='ocrx_word' id='word_1_451' title='bbox 1665 4138 1938 4219; x_wconf 85' lang='lat' dir='ltr'><strong>domini)</strong></span> <span class='ocrx_word' id='word_1_452' title='bbox 1984 4140 2041 4220; x_wconf 89' lang='grc'><strong>3,</strong></span> <span class='ocrx_word' id='word_1_453' title='bbox 2073 4139 2216 4204; x_wconf 89' lang='grc'><strong>215.</strong></span> 
     </span>
    </p>

    <p class='ocr_par' dir='ltr' id='par_1_8' title="bbox 212 4238 3148 5240">
     <span class='ocr_line' id='line_1_38' title="bbox 374 4238 3135 4326; baseline -0.002 -20"><span class='ocrx_word' id='word_1_454' title='bbox 374 4238 545 4307; x_wconf 86' lang='lat' dir='ltr'><strong>Cum</strong></span> <span class='ocrx_word' id='word_1_455' title='bbox 586 4240 1068 4326; x_wconf 85' lang='lat' dir='ltr'><strong>pronominibus</strong></span> <span class='ocrx_word' id='word_1_456' title='bbox 1113 4238 1397 4306; x_wconf 77' lang='lat' dir='ltr'><strong>suffixis:</strong></span> <span class='ocrx_word' id='word_1_457' title='bbox 1445 4240 1578 4303; x_wconf 79' lang='lat' dir='ltr'><strong>ami</strong></span> <span class='ocrx_word' id='word_1_458' title='bbox 1617 4239 1913 4324; x_wconf 72' lang='lat' dir='ltr'><strong>aatawaf</strong></span> <span class='ocrx_word' id='word_1_459' title='bbox 1939 4242 2156 4324; x_wconf 73' lang='lat' dir='ltr'><strong>wyrda</strong></span> <span class='ocrx_word' id='word_1_460' title='bbox 2201 4242 2422 4325; x_wconf 67' lang='lat' dir='ltr'><strong>drosos</strong></span> <span class='ocrx_word' id='word_1_461' title='bbox 2448 4261 2596 4326; x_wconf 74' lang='lat' dir='ltr'><strong>yma</strong></span> <span class='ocrx_word' id='word_1_462' title='bbox 2641 4240 2739 4323; x_wconf 89' lang='lat' dir='ltr'><strong>(et</strong></span> <span class='ocrx_word' id='word_1_463' title='bbox 2781 4261 2900 4323; x_wconf 83' lang='lat' dir='ltr'><strong>ego</strong></span> <span class='ocrx_word' id='word_1_464' title='bbox 2943 4238 3135 4303; x_wconf 84' lang='lat' dir='ltr'><strong>relin-</strong></span> 
     </span>
     <span class='ocr_line' id='line_1_39' title="bbox 212 4338 3142 4427; baseline 0 -22"><span class='ocrx_word' id='word_1_465' title='bbox 212 4364 403 4427; x_wconf 88' lang='lat' dir='ltr'><strong>quam</strong></span> <span class='ocrx_word' id='word_1_466' title='bbox 449 4342 623 4406; x_wconf 79' lang='lat' dir='ltr'><strong>viros</strong></span> <span class='ocrx_word' id='word_1_467' title='bbox 666 4340 917 4407; x_wconf 80' lang='lat' dir='ltr'><strong>nobiles</strong></span> <span class='ocrx_word' id='word_1_468' title='bbox 960 4364 1075 4427; x_wconf 89' lang='lat' dir='ltr'><strong>pro</strong></span> <span class='ocrx_word' id='word_1_469' title='bbox 1118 4363 1224 4407; x_wconf 88' lang='lat' dir='ltr'><strong>me</strong></span> <span class='ocrx_word' id='word_1_470' title='bbox 1266 4340 1403 4425; x_wconf 89' lang='lat' dir='ltr'><strong>hic)</strong></span> <span class='ocrx_word' id='word_1_471' title='bbox 1447 4338 1621 4406; x_wconf 90' lang='lat' dir='ltr'><strong>Mab.</strong></span> <span class='ocrx_word' id='word_1_472' title='bbox 1655 4340 1714 4422; x_wconf 90' lang='grc'><strong>3,</strong></span> <span class='ocrx_word' id='word_1_473' title='bbox 1745 4342 1846 4406; x_wconf 87' lang='grc'><strong>26.</strong></span> <span class='ocrx_word' id='word_1_474' title='bbox 1915 4362 2200 4427; x_wconf 70' lang='lat' dir='ltr'><strong>aqymero</strong></span> <span class='ocrx_word' id='word_1_475' title='bbox 2241 4364 2321 4426; x_wconf 63' lang='grc' dir='ltr'><em>ψ</em></span> <span class='ocrx_word' id='word_1_476' title='bbox 2363 4344 2519 4427; x_wconf 76' lang='lat' dir='ltr'><strong>erqit</strong></span> <span class='ocrx_word' id='word_1_477' title='bbox 2561 4341 2811 4415; x_wconf 70' lang='lat' dir='ltr'><strong>droseofi</strong></span> <span class='ocrx_word' id='word_1_478' title='bbox 2853 4340 2992 4425; x_wconf 89' lang='lat' dir='ltr'><strong>(qui</strong></span> <span class='ocrx_word' id='word_1_479' title='bbox 3037 4362 3142 4405; x_wconf 89' lang='lat' dir='ltr'><strong>ac-</strong></span> 
     </span>
     <span class='ocr_line' id='line_1_40' title="bbox 214 4443 3142 4531; baseline -0 -23"><span class='ocrx_word' id='word_1_480' title='bbox 214 4444 415 4531; x_wconf 80' lang='lat' dir='ltr'><strong>cipiat</strong></span> <span class='ocrx_word' id='word_1_481' title='bbox 455 4443 711 4529; x_wconf 86' lang='lat' dir='ltr'><strong>plagam</strong></span> <span class='ocrx_word' id='word_1_482' title='bbox 752 4466 869 4530; x_wconf 90' lang='lat' dir='ltr'><strong>pro</strong></span> <span class='ocrx_word' id='word_1_483' title='bbox 914 4443 1045 4527; x_wconf 86' lang='lat' dir='ltr'><strong>me)</strong></span> <span class='ocrx_word' id='word_1_484' title='bbox 1090 4444 1147 4523; x_wconf 88' lang='lat'><strong>3,</strong></span> <span class='ocrx_word' id='word_1_485' title='bbox 1181 4443 1324 4507; x_wconf 87' lang='grc'><strong>215.</strong></span> <span class='ocrx_word' id='word_1_486' title='bbox 1382 4454 1494 4505; x_wconf 78' lang='lat' dir='ltr'><strong>nat</strong></span> <span class='ocrx_word' id='word_1_487' title='bbox 1522 4443 1757 4527; x_wconf 73' lang='lat' dir='ltr'><strong>archas</strong></span> <span class='ocrx_word' id='word_1_488' title='bbox 1786 4446 1815 4505; x_wconf 77' lang='lat' dir='ltr'><strong>i</strong></span> <span class='ocrx_word' id='word_1_489' title='bbox 1850 4464 1894 4527; x_wconf 73' lang='lat' dir='ltr'><strong><em>y</em></strong></span> <span class='ocrx_word' id='word_1_490' title='bbox 1921 4464 2056 4527; x_wconf 75' lang='lat' dir='ltr'><strong>wyr</strong></span> <span class='ocrx_word' id='word_1_491' title='bbox 2093 4444 2352 4528; x_wconf 70' lang='lat' dir='ltr'><strong>ywyned</strong></span> <span class='ocrx_word' id='word_1_492' title='bbox 2387 4443 2606 4527; x_wconf 73' lang='lat' dir='ltr'><strong>ymlad</strong></span> <span class='ocrx_word' id='word_1_493' title='bbox 2646 4443 2895 4525; x_wconf 68' lang='lat' dir='ltr'><strong>droesofi</strong></span> <span class='ocrx_word' id='word_1_494' title='bbox 2939 4443 3142 4527; x_wconf 88' lang='lat' dir='ltr'><strong>(quod</strong></span> 
     </span>
     <span class='ocr_line' id='line_1_41' title="bbox 212 4542 3148 4631; baseline -0.001 -22"><span class='ocrx_word' id='word_1_495' title='bbox 212 4568 336 4611; x_wconf 88' lang='lat' dir='ltr'><strong>non</strong></span> <span class='ocrx_word' id='word_1_496' title='bbox 390 4545 627 4611; x_wconf 87' lang='lat' dir='ltr'><strong>iubebo</strong></span> <span class='ocrx_word' id='word_1_497' title='bbox 684 4544 861 4611; x_wconf 75' lang='lat' dir='ltr'><strong>viros</strong></span> <span class='ocrx_word' id='word_1_498' title='bbox 916 4542 1309 4609; x_wconf 86' lang='lat' dir='ltr'><strong>Venedotiae</strong></span> <span class='ocrx_word' id='word_1_499' title='bbox 1359 4566 1651 4631; x_wconf 80' lang='lat' dir='ltr'><strong>pugnare</strong></span> <span class='ocrx_word' id='word_1_500' title='bbox 1703 4566 1820 4629; x_wconf 88' lang='lat' dir='ltr'><strong>pro</strong></span> <span class='ocrx_word' id='word_1_501' title='bbox 1877 4542 2010 4627; x_wconf 90' lang='lat' dir='ltr'><strong>me)</strong></span> <span class='ocrx_word' id='word_1_502' title='bbox 2070 4544 2128 4623; x_wconf 85' lang='lat'><strong>3,</strong></span> <span class='ocrx_word' id='word_1_503' title='bbox 2177 4546 2316 4608; x_wconf 85' lang='lat'><strong>196.</strong></span> <span class='ocrx_word' id='word_1_504' title='bbox 2388 4555 2502 4630; x_wconf 69' lang='grc' dir='ltr'><strong>ραι*</strong></span> <span class='ocrx_word' id='word_1_505' title='bbox 2549 4566 2671 4629; x_wconf 72' lang='lat' dir='ltr'><strong>yno</strong></span> <span class='ocrx_word' id='word_1_506' title='bbox 2729 4544 2800 4626; x_wconf 80' lang='lat' dir='ltr'><strong>ef</strong></span> <span class='ocrx_word' id='word_1_507' title='bbox 2841 4566 2884 4629; x_wconf 72' lang='lat' dir='ltr'><strong><em>y</em></strong></span> <span class='ocrx_word' id='word_1_508' title='bbox 2926 4544 3070 4607; x_wconf 80' lang='lat' dir='ltr'><strong>rodi</strong></span> <span class='ocrx_word' id='word_1_509' title='bbox 3103 4566 3148 4629; x_wconf 79' lang='lat' dir='ltr'><em>y</em></span> 
     </span>
     <span class='ocr_line' id='line_1_42' title="bbox 212 4643 3143 4732; baseline -0.001 -21"><span class='ocrx_word' id='word_1_510' title='bbox 212 4645 391 4732; x_wconf 73' lang='lat' dir='ltr'><strong>bawp</strong></span> <span class='ocrx_word' id='word_1_511' title='bbox 438 4647 673 4711; x_wconf 71' lang='lat' dir='ltr'><strong>droesot</strong></span> <span class='ocrx_word' id='word_1_512' title='bbox 714 4646 889 4730; x_wconf 77' lang='lat' dir='ltr'><strong>(sine</strong></span> <span class='ocrx_word' id='word_1_513' title='bbox 933 4645 1025 4710; x_wconf 90' lang='lat' dir='ltr'><strong>ibi</strong></span> <span class='ocrx_word' id='word_1_514' title='bbox 1068 4668 1215 4709; x_wconf 88' lang='lat' dir='ltr'><strong>eum</strong></span> <span class='ocrx_word' id='word_1_515' title='bbox 1258 4644 1412 4711; x_wconf 83' lang='lat' dir='ltr'><strong>dare</strong></span> <span class='ocrx_word' id='word_1_516' title='bbox 1453 4646 1800 4732; x_wconf 89' lang='lat' dir='ltr'><strong>unicuique</strong></span> <span class='ocrx_word' id='word_1_517' title='bbox 1843 4667 1960 4730; x_wconf 90' lang='lat' dir='ltr'><strong>pro</strong></span> <span class='ocrx_word' id='word_1_518' title='bbox 2005 4644 2119 4729; x_wconf 84' lang='lat' dir='ltr'><strong>te),</strong></span> <span class='ocrx_word' id='word_1_519' title='bbox 2163 4643 2288 4707; x_wconf 65' lang='lat' dir='ltr'><strong>kea&#39;a</strong></span> <span class='ocrx_word' id='word_1_520' title='bbox 2329 4645 2562 4709; x_wconf 70' lang='lat' dir='ltr'><strong>veie-hev</strong></span> <span class='ocrx_word' id='word_1_521' title='bbox 2605 4646 2853 4709; x_wconf 71' lang='lat' dir='ltr'><strong>drossot.</strong></span> <span class='ocrx_word' id='word_1_522' title='bbox 2899 4647 2971 4709; x_wconf 77' lang='lat' dir='ltr'><strong>ni</strong></span> <span class='ocrx_word' id='word_1_523' title='bbox 2995 4667 3143 4728; x_wconf 75' lang='lat' dir='ltr'><strong>avy—</strong></span> 
     </span>
     <span class='ocr_line' id='line_1_43' title="bbox 215 4745 3144 4835; baseline -0.001 -24"><span class='ocrx_word' id='word_1_524' title='bbox 215 4750 351 4812; x_wconf 77' lang='lat' dir='ltr'><strong>dwn</strong></span> <span class='ocrx_word' id='word_1_525' title='bbox 395 4748 663 4813; x_wconf 66' lang='lat' dir='ltr'><strong>droctaw</strong></span> <span class='ocrx_word' id='word_1_526' title='bbox 707 4748 973 4832; x_wconf 86' lang='lat' dir='ltr'><strong>(quaere</strong></span> <span class='ocrx_word' id='word_1_527' title='bbox 1019 4748 1216 4813; x_wconf 84' lang='lat' dir='ltr'><strong>vades</strong></span> <span class='ocrx_word' id='word_1_528' title='bbox 1260 4770 1375 4835; x_wconf 92' lang='lat' dir='ltr'><strong>pro</strong></span> <span class='ocrx_word' id='word_1_529' title='bbox 1418 4758 1499 4812; x_wconf 88' lang='lat' dir='ltr'><strong>te.</strong></span> <span class='ocrx_word' id='word_1_530' title='bbox 1573 4748 1637 4812; x_wconf 87' lang='lat' dir='ltr'>N</span> <span class='ocrx_word' id='word_1_531' title='bbox 1638 4769 1711 4812; x_wconf 80' lang='lat' dir='ltr'><strong>os</strong></span> <span class='ocrx_word' id='word_1_532' title='bbox 1756 4746 1992 4813; x_wconf 80' lang='lat' dir='ltr'><strong>erimus</strong></span> <span class='ocrx_word' id='word_1_533' title='bbox 2036 4768 2154 4831; x_wconf 92' lang='lat' dir='ltr'><strong>pro</strong></span> <span class='ocrx_word' id='word_1_534' title='bbox 2199 4745 2308 4829; x_wconf 89' lang='lat' dir='ltr'><strong>eo)</strong></span> <span class='ocrx_word' id='word_1_535' title='bbox 2351 4746 2410 4828; x_wconf 89' lang='lat'><strong>3,</strong></span> <span class='ocrx_word' id='word_1_536' title='bbox 2442 4746 2542 4811; x_wconf 91' lang='grc'><strong>25.</strong></span> <span class='ocrx_word' id='word_1_537' title='bbox 2599 4769 2633 4811; x_wconf 91' lang='lat' dir='ltr'><strong>o</strong></span> <span class='ocrx_word' id='word_1_538' title='bbox 2675 4768 2826 4831; x_wconf 78' lang='lat' dir='ltr'><strong>aper</strong></span> <span class='ocrx_word' id='word_1_539' title='bbox 2863 4746 3144 4832; x_wconf 63' lang='lat' dir='ltr'><strong>qunqleie</strong></span> 
     </span>
     <span class='ocr_line' id='line_1_44' title="bbox 214 4846 3144 4932; baseline 0 -19"><span class='ocrx_word' id='word_1_540' title='bbox 214 4852 279 4913; x_wconf 68' lang='lat' dir='ltr'><strong>in</strong></span> <span class='ocrx_word' id='word_1_541' title='bbox 320 4850 431 4929; x_wconf 77' lang='lat' dir='ltr'><strong>tas</strong></span> <span class='ocrx_word' id='word_1_542' title='bbox 454 4850 733 4913; x_wconf 79' lang='lat' dir='ltr'><strong>maliduc</strong></span> <span class='ocrx_word' id='word_1_543' title='bbox 772 4872 851 4913; x_wconf 82' lang='lat' dir='ltr'><strong>ar</strong></span> <span class='ocrx_word' id='word_1_544' title='bbox 890 4851 920 4912; x_wconf 80' lang='lat' dir='ltr'><strong>i</strong></span> <span class='ocrx_word' id='word_1_545' title='bbox 958 4850 1049 4913; x_wconf 70' lang='lat' dir='ltr'><strong>hit</strong></span> <span class='ocrx_word' id='word_1_546' title='bbox 1088 4850 1339 4915; x_wconf 78' lang='lat' dir='ltr'><strong>diuinid</strong></span> <span class='ocrx_word' id='word_1_547' title='bbox 1381 4848 1473 4913; x_wconf 80' lang='lat' dir='ltr'><strong>bet</strong></span> <span class='ocrx_word' id='word_1_548' title='bbox 1512 4850 1542 4911; x_wconf 75' lang='lat' dir='ltr'><strong><em>i</em></strong></span> <span class='ocrx_word' id='word_1_549' title='bbox 1582 4848 1769 4913; x_wconf 71' lang='lat' dir='ltr'><strong>blain.</strong></span> <span class='ocrx_word' id='word_1_550' title='bbox 1816 4850 1880 4912; x_wconf 83' lang='lat' dir='ltr'><strong>oi</strong></span> <span class='ocrx_word' id='word_1_551' title='bbox 1920 4846 2090 4911; x_wconf 80' lang='lat' dir='ltr'><strong>blain</strong></span> <span class='ocrx_word' id='word_1_552' title='bbox 2133 4858 2328 4910; x_wconf 71' lang='lat' dir='ltr'><strong>truseo</strong></span> <span class='ocrx_word' id='word_1_553' title='bbox 2371 4848 2442 4911; x_wconf 78' lang='lat' dir='ltr'><strong>di</strong></span> <span class='ocrx_word' id='word_1_554' title='bbox 2482 4847 2650 4913; x_wconf 79' lang='lat' dir='ltr'><strong>blain</strong></span> <span class='ocrx_word' id='word_1_555' title='bbox 2694 4851 2874 4912; x_wconf 75' lang='lat' dir='ltr'><strong>inunt</strong></span> <span class='ocrx_word' id='word_1_556' title='bbox 2901 4849 2988 4911; x_wconf 79' lang='lat' dir='ltr'><strong>du</strong></span> <span class='ocrx_word' id='word_1_557' title='bbox 3032 4848 3144 4932; x_wconf 89' lang='lat' dir='ltr'><strong>(ab</strong></span> 
     </span>
     <span class='ocr_line' id='line_1_45' title="bbox 214 4947 3145 5041; baseline 0 -26"><span class='ocrx_word' id='word_1_558' title='bbox 214 4952 375 5017; x_wconf 78' lang='lat' dir='ltr'><strong>ostio</strong></span> <span class='ocrx_word' id='word_1_559' title='bbox 404 4948 488 5017; x_wconf 83' lang='lat' dir='ltr'><strong>G.</strong></span> <span class='ocrx_word' id='word_1_560' title='bbox 530 4951 599 5016; x_wconf 91' lang='lat' dir='ltr'><strong>in</strong></span> <span class='ocrx_word' id='word_1_561' title='bbox 641 4949 737 5031; x_wconf 91' lang='grc' dir='ltr'><strong>Τ.,</strong></span> <span class='ocrx_word' id='word_1_562' title='bbox 783 4961 854 5014; x_wconf 88' lang='lat' dir='ltr'><strong>ut</strong></span> <span class='ocrx_word' id='word_1_563' title='bbox 895 4950 1072 5016; x_wconf 88' lang='lat' dir='ltr'><strong>ducit</strong></span> <span class='ocrx_word' id='word_1_564' title='bbox 1114 4951 1460 5017; x_wconf 81' lang='lat' dir='ltr'><strong>secundum</strong></span> <span class='ocrx_word' id='word_1_565' title='bbox 1505 4972 1649 5015; x_wconf 89' lang='lat' dir='ltr'><strong>eum</strong></span> <span class='ocrx_word' id='word_1_566' title='bbox 1694 4972 1946 5016; x_wconf 81' lang='lat' dir='ltr'><strong>sursum</strong></span> <span class='ocrx_word' id='word_1_567' title='bbox 1991 4970 2193 5034; x_wconf 81' lang='lat' dir='ltr'><strong>usque</strong></span> <span class='ocrx_word' id='word_1_568' title='bbox 2217 4947 2320 5041; x_wconf 56' lang='lat' dir='ltr'><strong>⁴ad</strong></span> <span class='ocrx_word' id='word_1_569' title='bbox 2361 4950 2615 5031; x_wconf 83' lang='lat' dir='ltr'><strong>fontem,</strong></span> <span class='ocrx_word' id='word_1_570' title='bbox 2664 4949 2742 5015; x_wconf 85' lang='lat' dir='ltr'><strong>ab</strong></span> <span class='ocrx_word' id='word_1_571' title='bbox 2789 4951 2928 5015; x_wconf 81' lang='lat' dir='ltr'><strong>eius</strong></span> <span class='ocrx_word' id='word_1_572' title='bbox 2971 4948 3145 5015; x_wconf 85' lang='lat' dir='ltr'><strong>fonte</strong></span> 
     </span>
     <span class='ocr_line' id='line_1_46' title="bbox 214 5042 3146 5136; baseline -0.001 -19"><span class='ocrx_word' id='word_1_573' title='bbox 214 5062 385 5119; x_wconf 78' lang='lat' dir='ltr'><strong>trans</strong></span> <span class='ocrx_word' id='word_1_574' title='bbox 416 5075 562 5119; x_wconf 88' lang='lat' dir='ltr'><strong>eum</strong></span> <span class='ocrx_word' id='word_1_575' title='bbox 602 5052 685 5117; x_wconf 88' lang='lat' dir='ltr'><strong>ad</strong></span> <span class='ocrx_word' id='word_1_576' title='bbox 712 5051 951 5118; x_wconf 85' lang='lat' dir='ltr'><strong>fontem</strong></span> <span class='ocrx_word' id='word_1_577' title='bbox 994 5051 1173 5118; x_wconf 86' lang='lat' dir='ltr'><strong>fluvii</strong></span> <span class='ocrx_word' id='word_1_578' title='bbox 1200 5051 1399 5135; x_wconf 78' lang='lat' dir='ltr'><strong>nigri3</strong></span> <span class='ocrx_word' id='word_1_579' title='bbox 1444 5064 1656 5132; x_wconf 66' lang='lat' dir='ltr'><strong>trueso,</strong></span> <span class='ocrx_word' id='word_1_580' title='bbox 1690 5062 1868 5117; x_wconf 81' lang='lat' dir='ltr'><strong>trans</strong></span> <span class='ocrx_word' id='word_1_581' title='bbox 1899 5072 2064 5133; x_wconf 84' lang='lat' dir='ltr'><strong>eum,</strong></span> <span class='ocrx_word' id='word_1_582' title='bbox 2109 5059 2382 5116; x_wconf 89' lang='lat' dir='ltr'><strong>montem</strong></span> <span class='ocrx_word' id='word_1_583' title='bbox 2397 5052 2458 5136; x_wconf 75' lang='grc' dir='ltr'><strong>Ρ)</strong></span> <span class='ocrx_word' id='word_1_584' title='bbox 2487 5042 2564 5118; x_wconf 84' lang='lat' dir='ltr'><strong>L.</strong></span> <span class='ocrx_word' id='word_1_585' title='bbox 2594 5052 2796 5118; x_wconf 85' lang='lat' dir='ltr'><strong>Land.</strong></span> <span class='ocrx_word' id='word_1_586' title='bbox 2825 5053 2967 5115; x_wconf 83' lang='grc'><strong>247.</strong></span> <span class='ocrx_word' id='word_1_587' title='bbox 3014 5051 3146 5116; x_wconf 81' lang='lat' dir='ltr'><strong>talu</strong></span> 
     </span>
     <span class='ocr_line' id='line_1_47' title="bbox 216 5138 3142 5240; baseline 0.001 -25"><span class='ocrx_word' id='word_1_588' title='bbox 216 5164 445 5219; x_wconf 65' lang='lat' dir='ltr'><strong>troctau</strong></span> <span class='ocrx_word' id='word_1_589' title='bbox 485 5152 889 5240; x_wconf 73' lang='lat' dir='ltr'><strong>(persolvere</strong></span> <span class='ocrx_word' id='word_1_590' title='bbox 929 5175 1046 5239; x_wconf 89' lang='lat' dir='ltr'><strong>pro</strong></span> <span class='ocrx_word' id='word_1_591' title='bbox 1092 5153 1219 5238; x_wconf 89' lang='lat' dir='ltr'><strong>eo),</strong></span> <span class='ocrx_word' id='word_1_592' title='bbox 1266 5154 1455 5218; x_wconf 75' lang='lat' dir='ltr'><strong>atalet</strong></span> <span class='ocrx_word' id='word_1_593' title='bbox 1496 5155 1751 5219; x_wconf 70' lang='lat' dir='ltr'><strong>troadau</strong></span> <span class='ocrx_word' id='word_1_594' title='bbox 1797 5154 1892 5238; x_wconf 86' lang='lat' dir='ltr'><strong>(et</strong></span> <span class='ocrx_word' id='word_1_595' title='bbox 1905 5138 2252 5238; x_wconf 64' lang='lat' dir='ltr'><strong>&#39;persolvat</strong></span> <span class='ocrx_word' id='word_1_596' title='bbox 2293 5174 2409 5238; x_wconf 90' lang='lat' dir='ltr'><strong>pro</strong></span> <span class='ocrx_word' id='word_1_597' title='bbox 2441 5155 2550 5239; x_wconf 91' lang='lat' dir='ltr'><strong>eo)</strong></span> <span class='ocrx_word' id='word_1_598' title='bbox 2589 5152 2746 5239; x_wconf 86' lang='lat' dir='ltr'><strong>Leg.</strong></span> <span class='ocrx_word' id='word_1_599' title='bbox 2771 5154 2832 5236; x_wconf 90' lang='grc'><strong>2,</strong></span> <span class='ocrx_word' id='word_1_600' title='bbox 2857 5154 2919 5236; x_wconf 93' lang='grc'><strong>6,</strong></span> <span class='ocrx_word' id='word_1_601' title='bbox 2953 5156 3008 5217; x_wconf 95' lang='grc'><strong>1.</strong></span> <span class='ocrx_word' id='word_1_602' title='bbox 3041 5154 3142 5219; x_wconf 91' lang='grc'><strong>28.</strong></span> 
     </span>
    </p>
   </div>
  </div>
 </body>
</html>
