3717 5642
957 380 1072 448 VI.
1120 384 1175 447 1.
1248 396 1725 449 cossrnocrro
1768 398 1974 449 vnnsr
2015 396 2431 448 smrfflmcr.
2687 381 2833 443 (909·
2859 380 2984 441 9¹⁰)
3047 378 3174 445 933

231 586 303 629 or
354 566 457 653 byn
497 588 597 651 φο
638 566 1012 655 vymbrodyt·
1052 570 1083 631 i
1120 566 1333 655 (pueri
1392 567 1791 654 sagacissimi
1850 567 1919 633 in
1961 568 2196 633 mundo
2241 578 2390 635 sunt
2429 566 2658 632 fratres
2701 566 2857 651 mei)
2903 567 2970 647 3,
3027 567 3170 631 274.

231 690 311 729 α-ι·
348 670 561 751 yeireu
617 670 829 756 hynny
871 671 1051 734 naeth
1098 671 1207 755 kyt
1250 680 1340 733 att
1383 669 1555 735 erbin
1600 669 1697 755 (et
1740 670 1938 735 verba
1979 670 2093 736 illa
2143 669 2357 735 ierunt
2399 676 2602 754 usque
2657 668 2740 733 ad
2779 666 2894 752 E.)
2939 668 3006 749 2,
3067 668 3169 733 34.

231 770 425 852 (13]υοι
468 770 709 835 trimeib
752 770 965 855 cledyf
1016 770 1291 837 divwlch.
1344 794 1521 857 qur
1575 794 1813 858 ayauas
1865 773 1984 836 οἶοι
2024 792 2216 835 mator
2271 770 2524 855 (venire
2577 780 2706 836 tres
2757 769 2876 835 fflii
2921 768 3018 838 Ol.
3063 768 3170 851 D.‚

230 870 338 955 qui
389 871 509 936 viri
555 880 857 958 ceperant
896 873 1159 958 gloriam
1188 872 1511 959 magnam)
1542 873 1601 954 2,
1634 874 1787 954 243;
1834 873 2156 939 alternans
2202 894 2346 938 cum
2375 872 2634 959 plurali:
2678 894 2722 959 3]
2746 892 2922 958 qur
2964 872 3171 959 hynny

230 994 303 1034 ae
342 973 807 1056 yordiwedawd
856 998 931 1037 ac
974 986 1383 1061 aovynassant
1436 976 1603 1038 idaw
1657 973 1779 1057 (illi
1838 974 1960 1039 viri
2029 996 2173 1041 eum
2239 974 2566 1041 consecuti
2635 982 2785 1039 sunt
2845 983 2912 1038 et
2977 994 3170 1060 quae-

232 1072 526 1137 siverunt
556 1096 635 1139 ex
666 1074 773 1159 eo)
804 1076 865 1157 3,
897 1076 999 1141 85.
1071 1074 1151 1139 In
1184 1074 1507 1162 ‚principio
1540 1076 1896 1142 sententiae
1940 1076 2032 1142 ita
2075 1076 2240 1143 solet
2281 1076 2460 1142 verbi
2503 1076 2691 1141 tertia
2729 1097 3009 1163 persona
3038 1074 3169 1142 sin-

228 1171 477 1257 gularis
509 1175 891 1263 praecedere
923 1176 1307 1242 substantivi
1338 1174 1569 1263 plurali
1598 1196 1892 1242 numero:
1936 1178 2152 1241 orodes
2183 1176 2546 1242 breenhined
2571 1176 2722 1240 hina
2750 1177 2830 1241 Ιια
2861 1176 3168 1263 tlzouysso-

224 1274 377 1359 yion
422 1298 633 1363 cyrno-y
676 1277 773 1363 (et
816 1276 1127 1343 dederunt
1164 1276 1343 1358 haec,
1388 1276 1741 1367 privilegia,
1788 1296 1978 1364 reges
2023 1288 2088 1345 et
2129 1278 2453 1365 principes
2485 1275 2932 1361 Gambrorum)
2961 1276 3098 1343 Lan
3107 1278 3166 1343 d.

230 1375 398 1459 priv.
446 1398 505 1463 p.
558 1380 697 1445 113.
780 1400 825 1465 3]
858 1379 1091 1465 pellaei
1126 1400 1169 1465 y
1205 1400 1383 1465 qur
1433 1400 1478 1464 3]
1519 1379 1773 1445 wrthaw
1815 1379 2337 1464 (removebantur
2389 1379 2509 1444 viri
2566 1378 2645 1445 ab
2702 1401 2808 1459 θος
2883 1387 2949 1443 at
2990 1401 3163 1455 mox:

220 1500 263 1557 y
307 1490 585 1563 nesseynt
625 1492 864 1565 wynteu
908 1490 1113 1561 attam,
1158 1478 1255 1545 illi
1297 1480 1897 1566 appropinquabant
1945 1479 2037 1565 ei)
2083 1480 2258 1548 Mab.
2306 1482 2368 1563 2,
2416 1482 2558 1545 375.
2641 1502 2770 1565 yna
2807 1500 2852 1564 y
2894 1478 3168 1565 kerdwys

220 1601 265 1662 3]
307 1577 631 1644 kennadeu
676 1580 860 1665 (tunc
902 1581 1167 1668 profecti
1212 1591 1361 1647 sunt
1401 1580 1627 1667 legati)
1674 1582 1731 1663 3,
1778 1583 1922 1648 268.
2009 1604 2084 1647 ac
2125 1582 2240 1647 καί
2275 1604 2320 1668 y
2364 1579 2658 1667 dcffykyei
2695 1601 2768 1644 eu
2810 1580 3042 1644 mea-012
3072 1579 3170 1664 (et

228 1688 297 1741 ut
364 1679 749 1747 deficiebant
806 1682 951 1767 equi
1012 1680 1256 1765 eorum)
1300 1682 1369 1763 3,
1432 1683 1577 1747 270.
1660 1704 1787 1769 yny
1842 1684 2252 1770 dquydawd
2299 1705 2344 1769 3]
2383 1682 2612 1747 meir-ok
2669 1704 2745 1746 ar
2783 1679 2874 1765 len
2912 1682 3165 1767 qlinyeu

230 1780 480 1863 (donec
522 1782 894 1849 deciderunt
936 1783 1083 1870 equi
1127 1784 1195 1848 in
1238 1804 1447 1868 genua
1489 1784 1633 1865 sua)
1681 1786 1739 1866 2,
1787 1786 1886 1849 51.
1972 1806 2102 1870 3]η3]
2135 1784 2324 1870 yolles
2361 1804 2406 1869 3]
2449 1795 2756 1867 caryaneu
2797 1802 2870 1845 eu
2909 1781 3036 1847 holt
3065 1782 3167 1847 liw

226 1882 477 1965 (donec
540 1884 954 1971 perdiderunt
1008 1894 1189 1949 scuta
1240 1906 1488 1950 omnem
1552 1883 1831 1949 colorem
1889 1886 2106 1971 suum)
2162 1887 2233 1967 2,
2289 1887 2392 1949 51.
2489 1884 2624 1949 mal
2658 1906 2703 1970 3]
2746 1882 2940 1947 barno
2977 1906 3167 1970 yoreu

215 2006 403 2070 gywyr
440 2008 485 2070 3]
530 1986 647 2071 llys
688 1987 791 2065 (ut
832 1987 1255 2053 iudicaverint
1297 1987 1519 2074 optimi
1562 1986 1681 2051 viri
1726 1986 1940 2071 aulae)
1981 1989 2041 2068 2,
2087 1986 2188 2051 25.
2263 1986 2360 2065 ses
2397 1986 2677 2051 awnaeth
2699 2006 2744 2071 3]
2773 1987 3022 2050 weissen
3063 1984 3163 2072 (id

222 2088 525 2152 fecerunt
580 2089 792 2174 pueri)
838 2090 905 2171 3,
954 2090 1097 2154 264.
1196 2086 1439 2155 Contra
1492 2088 1904 2154 inveniuntur
1956 2088 2147 2154 etiam
2205 2086 2530 2174 exempla,
2584 2088 2653 2152 in
2708 2086 2940 2173 quibus
2985 2089 3164 2156 verbi

218 2190 419 2252 tertia
460 2208 741 2274 persona
782 2188 1049 2277 pluralis
1094 2188 1349 2254 additur
1388 2188 1725 2256 collective
1771 2189 2174 2256 substantivo
2220 2188 2566 2276 singularis
2609 2188 2851 2254 numeri
2881 2190 2988 2256 vel
3018 2212 3165 2277 pro-

217 2292 503 2355 nomini:
566 2314 639 2355 ac
675 2314 720 2377 3]
760 2291 1251 2377 kychwynyssont
1286 2312 1330 2375 y
1374 2292 1462 2355 llu
1506 2312 1702 2356 maun·
1743 2292 1980 2356 hwnnw
2023 2290 2136 2377 bop
2179 2291 2367 2377 hydin
2405 2312 2533 2377 yny
2575 2290 2840 2379 chyweirss
2877 2291 2976 2377 (et
3016 2314 3163 2379 pro·

218 2416 495 2477 gressus
530 2402 627 2459 est
672 2392 989 2459 exercitus
1020 2412 1285 2479 magnus
1328 2392 1457 2475 ille,
1501 2392 1568 2458 in
1614 2415 1730 2459 suo
1775 2393 2072 2480 quodque
2114 2416 2340 2479 agmen
2385 2391 2640 2477 ordine)
2672 2394 2734 2475 2,
2770 2394 2912 2461 379.
2983 2394 3164 2481 pawb

223 2520 265 2557 α
309 2495 629 2581 dybyyynt
668 2494 931 2581 (quivis,
978 2516 1199 2560 omnes
1242 2494 1639 2581 cogitabant)
1684 2496 1741 2575 2,
1788 2496 1932 2560 207.

386 2596 494 2662 De
534 2598 943 2682 praevalente
986 2618 1101 2683 per
1142 2596 1450 2662 dialectos
1494 2597 1811 2663 cornicam
1854 2606 1920 2662 et
1956 2598 2367 2665 aremoricam
2407 2596 2883 2663 constructione
2919 2598 3152 2686 imper-

218 2698 437 2763 sonali
480 2700 673 2764 etiam
718 2697 915 2765 activi
958 2720 1153 2784 supra
1194 2706 1405 2763 actum
1450 2709 1552 2765 est
1590 2700 1659 2764 in
1703 2698 1912 2786 capite
1957 2699 2036 2765 de
2079 2700 2258 2766 verbi
2301 2699 2576 2767 flexione
2619 2698 2712 2787 (p.
2757 2699 2935 2784 540).

404 2800 769 2888 Praecipue
826 2800 1215 2865 constructio
1258 2801 1579 2866 cambrica
1620 2801 2064 2886 impersonalis
2109 2802 2402 2889 amplexa
2443 2808 2544 2867 est
2581 2800 2938 2889 passivum,
2983 2801 3166 2868 cuius

218 2926 365 2967 una
417 2903 609 2968 tertia
648 2926 927 2989 persona
982 2902 1325 2989 singularis
1380 2924 1495 2989 per
1550 2902 1727 2968 varia
1786 2912 2076 2989 tempora
2127 2912 2330 2985 extat,
2386 2925 2512 2990 qua
2563 2912 2816 2969 ceterae
2857 2924 3170 2989 personae

216 3004 676 3091 significantur
734 3005 1053 3091 quomodo
1110 3004 1467 3092 expositum
1522 3014 1636 3071 est.
1724 3004 2044 3093 Exempla
2082 3006 2351 3093 praebet
2391 3005 2580 3071 flexio
2621 3004 2802 3071 verbi
2857 3006 3127 3091 passivi.

394 3106 722 3173 Differunt
764 3106 1025 3172 dialecti
1068 3106 1465 3173 britannicae
1506 3129 1547 3172 a
1587 3107 1818 3173 ceteris
1874 3106 2112 3193 linguis
2157 3106 2478 3195 plerisque
2523 3116 2588 3172 et
2621 3106 2830 3193 ipsam
2885 3104 3167 3173 hiberni-

216 3233 369 3273 cam
417 3219 727 3295 superant
768 3208 986 3273 formis
1030 3208 1311 3295 passivis
1355 3208 1538 3272 verbi
1583 3208 1967 3273 substantivi
2011 3218 2075 3273 et
2118 3207 2514 3297 auxiliarium
2546 3208 2956 3293 quorundam,
3002 3230 3164 3295 quac

212 3334 365 3377 cum
410 3309 886 3376 constructione
930 3318 995 3374 et
1036 3332 1156 3375 usu
1198 3309 1380 3395 ipsae
1424 3330 1677 3395 quoque
1720 3330 1918 3396 supra
1955 3304 2228 3377 traditae
2272 3318 2422 3375 sunt
2465 3306 2560 3395 (p.
2605 3308 2780 3392 539).

390 3412 589 3477 Actio
635 3412 817 3477 verbi
856 3410 1165 3475 reflexiva
1208 3410 1312 3475 vel
1354 3410 1702 3497 reciproca,
1750 3433 1878 3497 qua
1920 3422 2028 3477 aut
2071 3432 2236 3476 unus
2282 3410 2348 3475 in
2395 3432 2468 3476 se
2512 3420 2624 3476 aut
2647 3410 2864 3497 plures
2895 3410 3062 3477 inter
3092 3434 3164 3479 se

210 3522 443 3601 agunt,
488 3514 559 3578 in
603 3512 895 3579 dialectis
942 3510 1315 3577 britannicis
1362 3510 1501 3577 sola
1544 3510 1857 3598 particula
1898 3516 2048 3596 im-,
2088 3536 2224 3601 ym-
2270 3512 2468 3578 verbo
2510 3512 2799 3599 praefixa
2842 3512 3162 3599 significa-

206 3628 337 3697 tur,
384 3616 467 3680 de
511 3637 637 3701 qua
686 3615 945 3681 uberius
988 3613 1377 3700 disputatum
1421 3622 1521 3677 est
1569 3612 1639 3677 in
1687 3614 1897 3702 capite
1941 3616 2022 3681 de
2067 3612 2541 3703 compositione
2583 3612 2678 3699 (p.
2723 3614 2846 3679 898
2891 3617 3020 3703 sq.)

387 3714 470 3782 In
525 3726 880 3803 temporum
937 3737 1057 3780 usu
1113 3734 1244 3778 non
1299 3734 1549 3800 semper
1590 3714 1978 3801 primitivam
2032 3726 2095 3782 et
2138 3724 2370 3781 certam
2417 3714 2889 3781 distinctionem
2937 3738 3161 3783 serva-

202 3832 343 3883 tam
390 3839 541 3883 esse
584 3817 957 3903 comprobat
999 3814 1287 3881 confusio
1331 3816 1689 3901 praesentis
1736 3828 1801 3881 et
1839 3816 2034 3883 futuri
2078 3816 2364 3905 primarii
2410 3814 2768 3882 britannici.
2841 3815 3152 3884 Eiusdem

208 3918 401 3985 modi
450 3916 794 3983 alternatio
838 3915 1357 3981 animadvertitur
1410 3917 1477 3979 in
1520 3918 1913 4005 temporibus
1967 3916 2382 3999 secundariis,
2427 3925 2497 3981 ut
2536 3917 2890 4004 praesentis
2932 3942 3161 3987 secun-

201 4020 381 4087 darii
426 4042 543 4105 pro
576 4016 919 4105 praeterito
965 4039 1119 4083 usus
1164 4016 1622 4084 condicionalis
1667 4018 2226 4105 (quemadmodum
2253 4018 2322 4084 in
2350 4018 2680 4086 hibernica
2705 4018 2924 4105 lingua
2963 4021 3158 4088 inter-

209 4124 401 4203 dum,
448 4144 515 4207 p.
562 4120 748 4205 923):
785 4122 897 4205 pei
933 4142 1017 4183 na
1064 4118 1161 4183 bes·
1198 4119 1385 4186 drea-k
1425 4140 1539 4183 noc
1580 4122 1653 4200 ef
1682 4142 1796 4206 nys
1837 4124 2022 4208 ἄμφω·
2054 4132 2241 4208 ynteu
2280 4140 2325 4204 3]
2367 4124 2523 4184 enez't
2549 4120 2623 4205 es
2655 4120 2744 4205 (si
2772 4143 2904 4186 non
2928 4121 3160 4190 fuisset

198 4224 445 4290 fortior
486 4221 623 4302 illo,
668 4239 800 4285 non
844 4220 1216 4288 abstulisset
1254 4220 1397 4307 ipse
1442 4218 1710 4287 animam
1757 4222 1930 4303 eius3
1978 4222 2057 4287 de
2101 4223 2354 4290 actione
2396 4220 2696 4307 perfecta,
2743 4214 2825 4286 ad
2865 4223 3154 4290 verbum:

198 4328 261 4391 si
316 4346 454 4389 non
499 4330 690 4403 esset,
736 4344 865 4387 non
910 4319 1211 4404 auferret)
1254 4320 1427 4388 Mab.
1466 4326 1518 4404 1,
1553 4324 1650 4387 20.
1741 4324 1924 4409 uphei
1956 4324 2231 4411 qwnelut
2271 4328 2326 4387 ti
2365 4324 2676 4410 vyykyqor
2715 4346 2797 4409 ny
2827 4325 3163 4412 chyhyrdei

196 4426 647 4512 ayylzyrdawd
686 4446 721 4487 o
758 4424 969 4509 yoledi
1008 4424 1144 4488 athi
1182 4422 1271 4508 (si
1314 4423 1583 4491 fecisses
1627 4435 1695 4489 tu
1742 4426 2078 4491 consilium
2123 4448 2361 4507 meum,
2418 4448 2550 4491 non
2595 4424 2943 4492 accidisset
2983 4428 3150 4514 quod

196 4526 452 4594 accidit
495 4522 887 4589 difficultatis
930 4524 1077 4609 tibi)
1123 4526 1161 4588 2
1182 4576 1197 4606 ,
1248 4526 1348 4589 61.
1439 4539 1501 4591 ot
1542 4528 1753 4589 archei
1803 4530 1998 4592 ereint
2038 4530 2204 4592 idaw
2237 4528 2486 4613 peidaw
2531 4547 2609 4592 ar
2646 4550 2856 4614 qware
2896 4528 3152 4593 hwnnw.

194 4632 279 4710 ef
326 4628 575 4693 aheidei
610 4624 752 4710 vyth,
785 4624 1135 4709 ynnllawen
1178 4650 1252 4691 ac
1295 4626 1367 4707 ef
1400 4627 1486 4711 (si
1533 4628 1850 4695 oravisset
1893 4626 1974 4695 G.
2025 4650 2195 4709 eum,
2243 4638 2314 4693 ut
2359 4628 2696 4695 desisteret
2739 4652 2779 4692 a
2819 4628 2970 4695 ludo
3016 4629 3148 4713 illo,

195 4733 355 4817 ipse
387 4728 749 4794 destitisset
772 4732 943 4789 certe
974 4726 1247 4792 libenter
1278 4731 1355 4794 ab
1390 4729 1495 4814 eo)
1521 4730 1577 4809 2,
1605 4730 1706 4793 63.
1780 4730 2034 4815 αρΙιαπ3]
2064 4729 2160 4793 bei
2197 4730 2504 4796 ueiohawc
2545 4731 2614 4794 ln·
2657 4730 3149 4815 nysqordiwedut

195 4836 257 4897 ti
302 4832 403 4917 (et
444 4830 575 4896 nisi
634 4828 745 4893 illa
787 4838 961 4893 esset
1013 4850 1411 4915 praegnans,
1464 4841 1535 4895 tu
1590 4852 1731 4897 eam
1785 4855 1914 4898 non
1985 4854 2166 4899 esses
2221 4830 2637 4916 consecutus)
2695 4833 2764 4913 3,
2827 4834 2966 4897 160.
3043 4834 3157 4918 pei

190 4954 563 5021 ysywypwn
604 4930 867 5014 nydown
906 4952 1054 5015 yma
1096 4930 1185 5017 (si
1231 4934 1565 4999 scivissem
1610 4934 1695 5015 id,
1740 4957 1872 4998 non
1914 4936 2239 5001 venissem
2282 4933 2438 5019 huc)
2485 4936 2542 5015 3,
2589 4934 2686 4998 85.
2762 4935 2874 4997 oed
2902 4934 3152 4999 llessacla

186 5060 283 5121 ye-
330 5032 563 5097 march.
602 5034 709 5115 pei
736 5032 1055 5099 assare-hut
1074 5056 1154 5118 yr
1186 5038 1439 5120 meittyn
1470 5034 1643 5121 (erat
1670 5037 2068 5105 commodius
2097 5060 2282 5124 equo,
2329 5036 2386 5103 si
2415 5036 2654 5103 dudum
2681 5035 2749 5101 id
2775 5036 3152 5121 petivisses)

194 5138 263 5219 3,
322 5139 418 5201 19.
498 5136 613 5221 pei
652 5136 893 5199 wodei
940 5156 985 5219 y
1025 5134 1139 5199 neb
1176 5156 1221 5219 y
1272 5138 1450 5201 rodei
1496 5136 1655 5203 wrtk
1708 5141 1801 5202 eir
1844 5141 2043 5227 odqar
2097 5138 2350 5205 brenkin
2401 5140 2672 5206 &cerdon
2728 5135 2820 5222 (si
2861 5140 3042 5206 daret
3079 5137 3149 5205 id
