3717 5642
593 408 719 475 930
762 408 1079 471 (⁹⁰⁵-⁹0⁷)
1290 403 1405 471 VI.
1452 408 1509 471 1.
1578 423 2056 475 sonemus-1⁸10
2099 426 2384 475 somnus
2427 428 2843 481 nim-mmm.

580 592 833 659 miseris
884 590 1327 679 patruelibus).
1430 590 1892 678 Significantur
1961 594 2157 681 igitur
2223 596 2325 662 his
2397 596 2979 683 praepositionibus
3041 597 3387 665 hibernicis
3441 612 3496 663 et

583 693 957 759 britannicis
998 693 1335 779 genetivus
1382 704 1447 759 et
1490 694 1743 760 dativus
1788 695 2014 761 eodem
2055 697 2266 779 modo,
2313 719 2438 784 quo
2483 700 2550 763 in
2592 698 2830 785 linguis
2875 700 3220 766 romanicis
3247 724 3493 787 praepo-

584 796 929 862 sitionibus
974 796 1049 860 de
1092 806 1159 861 et
1198 819 1254 859 a.

749 895 1141 963 Genetivum
1181 896 1289 961 vel
1332 893 1681 962 ablativum
1724 896 1964 964 latinae
2005 901 2109 965 vel
2151 900 2414 966 aliarum
2447 900 2804 985 linguarum
2847 910 2976 965 tam
3021 911 3174 987 post
3217 904 3492 969 substan-

577 997 712 1065 tiva
766 1010 832 1064 et
882 998 1204 1065 adiectiva
1222 1046 1241 1079 ,
1282 999 1660 1084 praesertim
1714 1000 2044 1066 materiam
2105 1002 2210 1067 vel
2264 1002 2720 1088 plenitudinem
2779 1001 2871 1066 rei
2914 1001 3285 1083 indicantia,
3329 1026 3492 1090 qnam

576 1110 725 1187 post
779 1102 975 1167 verba
1027 1098 1250 1185 lingua
1304 1099 1621 1165 cambrica
1673 1103 2149 1189 praepositione
2193 1126 2227 1167 ο
2273 1102 2790 1169 circumscribere
2833 1102 3078 1167 mavult
3118 1126 3309 1191 quam
3369 1106 3496 1171 alia.

575 1201 914 1287 Exempla:
972 1224 1025 1287 ‘y
1075 1221 1240 1265 rann
1292 1200 1549 1287 vahaf
1597 1224 1667 1265 or
1716 1202 1999 1288 vlwydyn
2056 1204 2361 1287 (maxima
2412 1225 2562 1290 pars
2618 1203 2802 1288 anni)
2859 1205 2927 1285 3,
2993 1206 3134 1273 298.
3231 1230 3278 1292 y
3327 1212 3500 1271 meiat

572 1306 859 1389 mwylzas
899 1306 1104 1369 odo-wc
1154 1302 1549 1389 (magnitudo
1607 1304 1906 1386 maxima,
1963 1305 2295 1391 plurimum
2343 1304 2522 1389 mali)
2567 1306 2624 1385 2,
2671 1306 2815 1369 242.
2902 1307 3202 1393 ker-wynet
3243 1331 3280 1373 o
3325 1312 3499 1394 dwyr

573 1427 678 1470 oer
721 1406 921 1493 (cupa
960 1428 1165 1493 aquae
1205 1403 1539 1492 frigidae),
1596 1404 1922 1489 kmyneit
1964 1429 2036 1470 or
2075 1409 2215 1472 med
2251 1428 2441 1492 qoreu
2485 1406 2684 1491 (cupa
2723 1408 2916 1473 mulsi
2959 1408 3218 1495 optimi)
3262 1410 3324 1489 3,
3367 1412 3498 1476 302.

572 1521 817 1593 carr-syc
857 1530 929 1572 or
970 1508 1076 1595 hyn
1114 1530 1303 1595 φονου
1347 1507 1625 1592 (carrata
1676 1506 1977 1573 frumenti
2033 1508 2287 1594 optimi)
2345 1507 2502 1595 Leg.
2553 1516 2586 1571 2
2607 1560 2624 1589 ,
2675 1512 2736 1587 1,
2784 1509 2885 1573 34.
2976 1508 3260 1593 arffedeit
3317 1534 3390 1575 ον·
3437 1536 3502 1577 us

572 1608 965 1696 (manipulus
1007 1608 1263 1695 paleae)
1306 1608 1480 1673 Mab.
1516 1610 1572 1688 2,
1620 1610 1763 1675 373.
1835 1613 1965 1693 peis
2007 1633 2041 1674 ο
2085 1611 2282 1675 vliant
2325 1602 2496 1675 tenea
2541 1608 2789 1694 (tunica
2828 1610 2946 1675 lini
2990 1612 3256 1695 tenuis).
3276 1615 3335 1694 1,
3367 1615 3499 1679 259.

572 1716 711 1799 dwy
770 1712 950 1778 dorth
992 1731 1027 1775 o
1066 1730 1225 1775 vara
1276 1732 1436 1774 canu
1490 1709 1675 1793 (duo,
1706 1710 1876 1796 pista
1931 1711 2114 1798 panis
2159 1711 2319 1796 albi)
2384 1715 2448 1792 1,
2509 1711 2651 1776 239.
2755 1712 2945 1797 talym
2987 1734 3024 1775 o
3063 1734 3232 1777 uara
3287 1738 3502 1800 ynnynu

571 1816 868 1901 (frustum
910 1812 1097 1899 panis
1142 1810 1299 1895 albi)
1346 1812 1403 1892 2,
1453 1812 1551 1875 14.
1638 1812 1777 1896 dwy
1813 1813 2040 1898 φαεινοὶ
2075 1836 2162 1898 yn
2205 1814 2393 1877 llawn
2435 1835 2470 1875 o
2512 1815 2634 1875 win
2677 1811 2875 1897 (duae
2915 1815 3238 1899 lagoenae
3282 1816 3504 1901 plenae

571 1918 736 2003 vini)
786 1920 838 1997 1,
884 1916 1029 1981 239.
1110 1913 1307 1999 qwein
1353 1936 1441 1997 yn
1484 1910 1671 1975 llawn
1715 1934 1787 1976 or
1828 1914 2036 2000 dwfyr
2078 1914 2343 2001 (vagina
2385 1914 2578 1999 plena
2619 1913 2854 1998 aquae)
2901 1914 2974 1995 2,
3024 1916 3167 1979 246.
3259 1918 3502 2003 diqmen

568 2042 605 2085 o
646 2021 815 2085 drwo
868 2015 1059 2103 (satis
1116 2012 1299 2097 mali)
1347 2013 1421 2094 2,
1476 2013 1621 2077 242.
1706 2016 2126 2098 offlnedrolder
2166 2037 2200 2079 o
2244 2014 2682 2099 esmwythdra,
2745 2014 3120 2099 kytlawnder
3159 2038 3198 2080 o
3242 2018 3504 2105 lewenyd

569 2120 991 2207 (abundantia
1044 2115 1407 2197 hilaritatis,
1452 2114 1700 2201 gaudii)
1756 2116 1824 2197 2,
1882 2116 1984 2184 32.
2043 2117 2144 2182 33.
2237 2116 2523 2200 amylder
2565 2136 2600 2177 ο
2641 2117 2964 2200 ann-ymo!
3005 2138 3354 2203 ameqyon,

568 2222 897 2289 wallualch.
925 2242 959 2284 o
988 2218 1312 2301 amvyuael
1338 2238 1647 2303 anreqyon
1690 2216 1912 2302 (copia
1943 2216 2259 2282 variorum
2291 2215 2630 2299 donorum)
2675 2219 2734 2298 2,
2780 2217 2880 2281 20.
2926 2218 3028 2283 31.
3117 2220 3504 2308 diwallnoyd

568 2346 603 2387 o
646 2322 757 2387 bob
792 2322 935 2408 pech.
978 2317 1393 2403 (sufficientia
1417 2318 1622 2382 omnis
1650 2316 1776 2401 rei)
1808 2320 1868 2398 2,
1909 2318 2009 2383 29.
2100 2318 2356 2381 diwallu
2394 2339 2439 2401 y
2481 2318 2698 2381 march
2741 2340 2776 2382 ο
2817 2319 2980 2383 wellt
3024 2342 3100 2383 ac
3139 2332 3214 2405 με
3255 2320 3498 2409 (provi-

564 2425 717 2491 dere
748 2444 911 2509 equo
940 2432 1215 2487 stramen
1246 2428 1311 2484 et
1336 2416 1741 2502 frumentum)
1783 2420 1841 2501 2,
1893 2421 1986 2484 13.
2074 2417 2306 2504 kynnczl
2329 2440 2371 2503 y
2400 2418 2640 2503 lcffoeth.
2684 2440 2719 2481 o
2759 2419 3120 2503 vilwryaetlt
3161 2446 3240 2487 ασ
3287 2448 3498 2489 arum.

563 2524 795 2610 kynnal
834 2544 869 2586 ο
912 2522 1104 2587 uarch.
1154 2543 1231 2585 ac
1282 2540 1477 2585 arueu
1536 2520 1958 2606 amilwryaeth.
2012 2517 2206 2605 (tueri
2257 2518 2590 2604 imperium
2647 2518 2888 2611 militia.
2927 2529 2993 2585 et
3045 2522 3246 2589 armis
3259 2576 3277 2605 ,
3339 2525 3496 2590 tueri

566 2646 732 2711 equo
776 2632 841 2689 et
880 2623 1073 2688 armis
1116 2632 1179 2687 et
1218 2620 1480 2705 virtute)
1543 2622 1607 2701 1,
1658 2621 1754 2685 19.
1832 2622 1932 2686 21.
2031 2618 2273 2685 Eadem
2340 2620 2728 2685 constructio
2786 2632 2933 2708 post
2987 2626 3366 2707 numeralia,
3435 2639 3496 2692 ut

567 2725 964 2791 deunawwevb
1006 2744 1041 2787 o
1081 2724 1349 2804 waima,
1391 2722 1522 2787 iam
1564 2730 1912 2787 memorata
1954 2730 2052 2787 est
2096 2721 2190 2808 (p.
2235 2720 2409 2805 314).

738 2824 1084 2896 Cornica
1112 2844 1361 2910 quoque
1392 2833 1458 2889 et
1484 2822 1923 2889 aremorica
1949 2836 2049 2889 est
2068 2825 2228 2890 haec
2255 2823 2644 2889 constructio
2668 2843 2816 2889 cum
2838 2848 3055 2911 praep.
3079 2849 3123 2888 a
3146 2827 3248 2912 (-·..-.-
3267 2831 3489 2895 cambr.

566 2930 652 3016 o).
720 2928 1015 2993 Cornica:
1058 2925 1203 2990 mab
1244 2926 1330 2989 du
1374 2948 1414 2988 a
1456 2947 1573 2989 vm·
1616 2926 1755 3010 bryo
1797 2923 2006 3010 (filius
2051 2924 2155 2990 dei
2198 2926 2408 3011 magni
2455 2924 2676 3011 pretii)
2704 2924 2779 2990 P.
2832 2927 2932 3004 14,
2978 2931 3038 2992 4.
3115 2932 3238 2996 box
3279 2932 3418 2995 leun
3457 2956 3494 2995 a

560 3032 669 3117 yly
721 3028 951 3117 (capsa
1012 3026 1205 3114 plena
1258 3026 1596 3111 unguenti)
1650 3030 1762 3106 35,
1825 3029 1879 3090 1.
1967 3026 2092 3090 han
2145 3046 2352 3111 sper-ys
2403 3047 2548 3089 sam
2613 3026 2754 3090 leun
2805 3054 2848 3093 a
2901 3050 3012 3095 ras
3067 3032 3168 3115 (et
3235 3034 3495 3118 spiritus

564 3141 823 3199 sanctus
866 3130 1096 3216 plenus
1139 3126 1413 3213 gratiae)
1444 3128 1503 3208 3,
1550 3129 1609 3194 3.
1696 3150 1837 3191 ntur
1880 3152 1923 3192 a
1969 3126 2121 3211 beyn
2163 3151 2205 3192 a
2249 3138 2488 3211 wo3evy
2535 3126 2832 3209 (multum
2877 3130 3116 3197 doloris
3161 3132 3498 3217 tolerabat)

562 3236 663 3313 54,
714 3237 769 3297 1.
835 3232 989 3317 qlan
1016 3227 1107 3314 off
1142 3252 1185 3293 a
1204 3230 1331 3293 'tvos
1372 3226 1597 3313 (purus
1642 3250 1783 3295 sum
1822 3250 1864 3293 a
1907 3226 2250 3313 sanguine)
2300 3230 2438 3309 149,
2485 3228 2543 3294 2.
2624 3230 2778 3315 glan
2823 3256 2862 3297 a
2907 3232 3026 3297 hub
3051 3234 3229 3318 fylte
3274 3236 3492 3322 (purus

568 3334 739 3400 omni
784 3328 1215 3414 immunditia)
1258 3330 1363 3410 47,
1409 3330 1467 3393 2.

730 3431 1129 3501 Aremorica:
1174 3431 1293 3493 den
1333 3454 1375 3495 a
1418 3431 1541 3494 laea
1584 3428 1713 3514 (vir
1757 3454 2063 3497 exercens
2109 3430 2348 3517 legem)
2391 3430 2557 3495 Buh.
2611 3432 2749 3514 150,
2801 3436 2856 3497 1.
2945 3434 3064 3498 den
3111 3434 3258 3499 bras
3299 3438 3410 3501 den
3451 3464 3490 3501 a

558 3537 738 3602 choas
778 3536 893 3600 Ιιασ
934 3558 977 3599 a
1015 3544 1139 3597 stat
1178 3530 1309 3617 (vir
1351 3531 1621 3617 amplus,
1665 3531 1763 3597 vir
1803 3533 2009 3599 lectus
2055 3542 2120 3597 et
2161 3531 2429 3614 nobilis)
2475 3532 2577 3614 28,
2625 3534 2728 3598 23.
2811 3548 2992 3619 petra
3039 3562 3079 3601 a
3127 3552 3258 3602 mat
3301 3564 3340 3602 a
3375 3561 3492 3623 qm

562 3637 748 3725 (quid
804 3637 956 3703 boni
996 3633 1220 3718 facitP)
1280 3635 1389 3713 18,
1434 3633 1539 3697 20.
1630 3633 1720 3699 lin
1763 3658 1803 3697 a
1847 3636 2012 3697 datin
2047 3634 2247 3719 finaff
2302 3632 2534 3717 (linum
2587 3634 2678 3699 fili
2730 3636 3121 3721 tenuissimi)
3185 3641 3332 3719 168,
3393 3644 3488 3707 18.

557 3745 697 3807 leun
741 3764 779 3803 a
820 3738 1075 3823 equiem,
1120 3736 1258 3800 leun
1302 3759 1344 3799 α.
1380 3756 1571 3819 φἀσο
1611 3732 1873 3821 (plenus
1919 3734 2246 3815 scientiae,
2293 3737 2565 3822 gratiae)
2607 3738 2670 3815 4,
2719 3741 2775 3800 7.
2821 3738 2923 3818 48,
2965 3740 3026 3803 4.
3101 3742 3232 3804 culs
3279 3768 3318 3805 a
3357 3743 3488 3805 leir-

558 3845 696 3923 der,
750 3842 876 3904 cal-3
920 3865 961 3904 a
996 3858 1284 3923 poanyou
1329 3835 1620 3921 (multum
1665 3836 1997 3917 desiderii,
2046 3836 2363 3920 dolorum)
2414 3840 2522 3918 12,
2573 3840 2669 3901 17.
2718 3838 2828 3919 20,
2877 3842 2932 3904 7.
3021 3840 3108 3903 ol!
3166 3862 3313 3905 mar
3351 3842 3487 3905 bech

557 3946 681 4029 huy
724 3966 767 4006 a
806 3964 885 4003 vn
928 3940 1175 4023 opinion
1218 3936 1306 4021 (si
1351 3938 1491 4003 sitis
1535 3960 1755 4004 omnes
1798 3961 1916 4003 vos
1963 3937 2149 4002 unius
2196 3935 2548 4023 opinionis)
2593 3940 2694 4019 22,
2743 3942 2800 4005 9.

725 4065 775 4109 c.
851 4038 1297 4107 Adiectiva
1340 4061 1481 4104 cum
1528 4039 1968 4119 substantiviS,
2017 4048 2164 4124 post
2206 4060 2368 4123 quae
2415 4040 2598 4126 sequi
2643 4039 2878 4119 solent,
2926 4056 3286 4125 congruunt
3327 4043 3490 4107 sicut.

558 4148 621 4212 in
662 4144 807 4211 aliis
850 4140 1115 4227 linguis:
1176 4160 1443 4225 morwyn
1496 4140 1830 4227 bennqreclz
1875 4137 2043 4204 uelem
2095 4140 2343 4225 (puella
2385 4140 2598 4227 crispa
2637 4140 2832 4221 flava3
2889 4163 3080 4207 masc.
3123 4146 3476 4230 penny-3011

554 4252 771 4333 melma,
818 4270 877 4333 p.
924 4243 1079 4327 280)
1122 4240 1295 4308 Mab.
1349 4244 1413 4321 1,
1485 4244 1581 4307 14.
1663 4263 1751 4326 yn
1792 4243 2072 4306 wincedc‘c
2114 4263 2148 4305 o
2193 4264 2388 4307 arueu
2432 4254 2714 4327 teymyon
2757 4242 3050 4325 (indutus
3093 4246 3289 4309 armis
3331 4266 3478 4329 gra-

556 4348 772 4433 vibus)
816 4349 874 4428 3,
921 4346 1063 4409 304.
1150 4344 1397 4407 danned
1438 4343 1659 4428 lairyon
1698 4342 2020 4426 melynyon
2064 4342 2318 4426 (dentes
2364 4343 2540 4428 longi
2584 4343 2767 4427 flavi)
2819 4345 2870 4423 1,
2919 4345 3063 4409 283.
3141 4344 3360 4411 Habet
3383 4355 3490 4409 ta·-

556 4474 699 4517 men
742 4460 811 4515 ut
852 4446 1178 4513 hibernica
1218 4442 1309 4509 ita
1352 4442 1707 4511 britannica
1746 4444 2132 4507 constructio
2177 4444 2640 4510 adiectivorum
2683 4465 2825 4509 cum
2871 4444 3294 4513 substantivis
3335 4468 3490 4532 pro-

556 4551 700 4640 pria
738 4548 1069 4637 quaedam.

728 4655 781 4717 1.
853 4646 1245 4714 Praecedere
1298 4668 1549 4732 quoque
1592 4655 1865 4731 possunt
1907 4644 2253 4726 adiectiva,
2311 4644 2426 4710 sed
2469 4646 2694 4711 eodem
2733 4646 2922 4712 modo
2967 4667 3096 4731 quo
3157 4646 3228 4711 in
3269 4646 3496 4731 lingua

552 4752 896 4831 hibernica,
942 4747 1222 4815 carentia
1262 4747 1557 4826 flexione,
1602 4745 1958 4831 composita
1983 4747 2176 4832 igitur
2205 4768 2346 4811 cum
2377 4745 2813 4827 substantivis,
2862 4746 2925 4812 id
2967 4748 3140 4831 quod
3193 4748 3494 4831 exempla

554 4876 748 4940 supra
798 4852 1043 4940 prolata
1096 4851 1187 4937 (p.
1236 4849 1388 4931 891)
1445 4847 1897 4912 demonstrant.
2003 4848 2226 4932 ltaque
2271 4848 2644 4933 compositio
2688 4858 2787 4913 est
2829 4848 3182 4931 statuenda,
3229 4849 3486 4915 etiamsi

554 4966 847 5040 separata
902 4963 1051 5019 sunt
1101 4951 1470 5037 scriptione,
1520 4958 1589 5011 ut
1630 4948 1695 5013 in
1740 4948 1823 5033 gl.
1872 4946 2024 5013 Ox.:
2085 4974 2130 5013 a
2170 4954 2332 5013 mein
2364 4950 2597 5033 simion
2642 4949 2757 5035 (gl.
2805 4950 3002 5015 vittae
3045 4961 3304 5027 tenues;
3343 4950 3488 5016 adi.

554 5056 699 5120 hod.
748 5058 930 5134 ιἰιαιι,
981 5056 1138 5140 plur.
1182 5053 1499 5133 meim‘on),
1544 5075 1583 5114 a
1626 5052 1727 5113 Ιιίν
1770 5062 1919 5113 atem
1963 5048 2078 5132 (gl.
2113 5050 2331 5116 instita
2359 5052 2599 5136 longa).
2677 5050 3002 5115 Interdum
3047 5062 3255 5119 tamen
3283 5052 3490 5119 etiam

552 5168 909 5243 separatum
956 5154 1329 5220 antecedere
1365 5152 1747 5219 adiectivum
1792 5158 1968 5235 patet
1998 5162 2062 5213 et
2103 5174 2182 5217 ex
2227 5153 2429 5219 isdem
2473 5153 2737 5239 glossis,
2793 5156 3198 5219 ormam-aul
3155 5156 3322 5241 plant
3349 5154 3488 5239 (gl.
