3717 5642
611 405 735 469 942
777 408 1071 469 (921-1134
1094 403 1193 476 Sti)
1363 404 1475 472 VI.
1524 408 1583 471 2.
1658 424 2134 475 oons‘muo'no
2179 426 2472 475 romum
2514 428 2910 478 muamus.

1088 590 1390 665 Quomodo
1428 592 1641 651 bonum
1678 593 1753 651 ob
1794 600 1804 667 1
1848 598 2036 651 actum
2080 594 2108 665 Η
2151 593 2438 654 similatur
2480 598 2487 665 Ι
2531 596 2766 674 angelis,

1091 684 1523 763 Pet-fectamque
1562 693 1802 765 propter
1838 686 2018 745 vitam
2061 690 2087 758 Η
2133 686 2140 753 Ι
2187 698 2470 765 aequatur
2515 690 2523 756 Ι
2566 692 2852 768 apostolis.

1164 779 1346 839 Beata
1389 784 1397 854 Ι
1440 780 1662 841 Christi
1704 786 1713 855 Ι
1758 780 2014 841 custodit
2056 782 2080 855 Η
2125 782 2400 841 mandata
2436 785 2500 842 in
2541 788 2823 861 omnibus,

1091 890 1100 956 1
1143 874 1325 933 Cuius
1373 882 1379 949 Ι
1426 893 1605 953 opera
1641 874 1932 952 refulgent
1975 883 2001 953 Η
2051 875 2057 942 i
2102 875 2261 936 clara
2298 876 2455 935 inter
2499 880 2508 945 1
2547 880 2824 955 homines,

1090 982 1097 1047 ξ
1144 967 1527 1046 Sanctumque
1570 970 1733 1029 cuius
1778 969 1787 1038 Ι
1834 976 2153 1046 sequuntur
2195 974 2203 1042 ἱ
2265 972 2590 1049 exemplum
2635 976 2643 1044 Ι
2686 976 3000 1051 mirificum,

1088 1062 1257 1123 Unde
1297 1069 1357 1122 et
1394 1064 1453 1121 in
1496 1062 1671 1121 caelis
1707 1068 1933 1140 patrem
1977 1070 2003 1138 Η
2052 1064 2059 1133 l
2103 1066 2473 1142 magnificant
2509 1066 2816 1127 dominum.

776 1174 1064 1261 Pergunt
1090 1176 1181 1240 ita
1210 1175 1509 1262 strophae
1550 1195 1755 1261 usque
1798 1176 1885 1241 ad
1913 1176 1962 1241 Z
1994 1198 2289 1243 versuum
2333 1187 2798 1264 quaternorum,
2845 1203 3110 1267 quorum
3138 1180 3519 1248 hemistichia

612 1278 830 1363 priora
874 1277 1203 1342 continent
1242 1285 1506 1343 octonas
1540 1276 1839 1361 syllabas,
1885 1279 2242 1364 posteriora
2270 1288 2592 1365 septenas.
2665 1281 2746 1347 In
2775 1282 3056 1349 secundo
3084 1306 3276 1349 versu
3304 1286 3520 1370 primae

610 1378 908 1465 strophae
955 1378 1343 1464 syllabarum
1384 1400 1682 1443 numerus
1728 1378 1975 1445 Patrio?
2017 1380 2226 1467 poscit
2267 1402 2382 1465 pro
2416 1381 2704 1464 Pam-ieie
2749 1404 2958 1469 neque
3005 1386 3179 1450 enim
3221 1386 3422 1451 solent
3461 1387 3520 1451 in

611 1480 713 1547 his
759 1480 912 1546 elidi
954 1479 1231 1547 vocales.

777 1582 939 1648 Post
990 1580 1315 1669 stropham
1356 1579 1405 1645 Z
1450 1583 1622 1669 apud
1669 1582 2088 1650 Muratorium
2130 1584 2412 1670 (Anecd.
2455 1584 2666 1652 Latin.
2709 1584 2806 1651 IV
2818 1584 2880 1671 ⁸¹)
2931 1586 3167 1671 legitur
3215 1588 3394 1670 haec,
3448 1591 3523 1655 ab

616 1685 741 1752 alio
788 1693 1044 1751 auctore
1088 1682 1259 1748 haud
1304 1683 1493 1749 dubie
1538 1684 1781 1749 addita:

1164 1799 1445 1861 Patricius
1489 1814 1495 1873 ῑ
1541 1802 1841 1880 episcopus
1885 1814 1893 1883 1
1959 1811 1968 1879 ι
2009 1809 2138 1861 oret
2175 1822 2280 1882 pro
2319 1804 2486 1865 nobis
2529 1818 2537 1888 Ι
2581 1806 2860 1881 omnibus,

1085 1895 1171 1955 Ut
1208 1895 1511 1954 deleantur
1552 1910 1561 1977 f
1606 1898 1866 1973 protinus
1910 1909 1936 1979 Η
1981 1910 1990 1977 1
2033 1904 2270 1975 peccata
2307 1917 2455 1974 quae
2496 1900 2906 1960 commisimus.

1087 1988 1305 2049 Patr-ici
1341 1989 1545 2049 laudes
1590 2002 1613 2069 Η
1660 2002 1667 2069 Ι
1712 2009 1942 2069 semper
1981 1990 2257 2066 dicamus,

1096 2084 1173 2144 Ut
1210 2102 1315 2143 nos
1355 2102 1486 2143 cum
1520 2084 1622 2144 illo
1672 2100 1694 2165 Η
1742 2096 1749 2165 1
1796 2105 2026 2166 semper
2061 2088 2339 2147 vivamus.

776 2196 1051 2265 Prorsus
1096 2196 1263 2263 enim
1306 2195 1519 2261 differt
1558 2207 1623 2262 et
1664 2198 2052 2284 syllabarum
2091 2221 2356 2265 numero
2401 2208 2466 2264 et
2507 2199 2964 2265 consonantiae
3005 2200 3276 2268 ratione.
3359 2200 3532 2266 Duo-

609 2326 745 2367 rum
800 2323 1095 2367 versuum
1136 2298 1414 2385 priorum
1460 2300 1881 2366 consonantia
1921 2302 2363 2389 monosyllaba
2422 2299 2760 2387 dupliciter
2811 2302 3252 2388 copulatorum
3291 2303 3538 2389 sing-uls

608 2402 1015 2471 hemistichia
1065 2409 1329 2466 octonas
1373 2398 1655 2486 syllabas
1700 2403 2056 2486 continent,
2101 2404 2520 2490 posteriorum
2565 2404 2987 2471 consonantia
3027 2404 3345 2492 bisyllaba
3385 2406 3534 2471 sim·

615 2505 867 2592 pliciter
908 2504 1261 2568 iunctorum
1306 2500 1555 2587 quinas.

776 2603 1084 2670 Eiusdem
1136 2601 1351 2684 metri,
1408 2602 1591 2668 cuius
1634 2602 1906 2690 hymnus
1963 2605 2314 2674 Secundini
2371 2605 2440 2671 in
2496 2604 2562 2673 S.
2608 2604 2958 2673 Patricium
3010 2608 3146 2695 (ap.
3204 2608 3436 2674 Mur-at.
3479 2632 3536 2693 p.

618 2705 797 2792 136),
852 2718 1225 2773 octonarum
1280 2702 1666 2790 syllabarum
1718 2708 1785 2771 in
1840 2708 2188 2794 prioribus,
2259 2716 2666 2794 septenarum
2718 2708 2789 2772 in
2831 2710 3297 2795 posterioribus
3343 2709 3540 2774 hemi-

611 2808 891 2889 stichiis,
960 2819 1063 2875 est
1114 2807 1415 2894 Hymnus
1472 2805 1540 2875 S.
1596 2805 1924 2875 Camelaci
1981 2811 2076 2897 (p.
2141 2811 2324 2896 142),
2385 2812 2576 2876 trium
2631 2810 3063 2900 stropharum,
3123 2834 3386 2899 quarum
3447 2823 3542 2875 est

612 2913 851 2999 prima:

1176 3040 1182 3105 ξ
1228 3028 1443 3087 Audite
1488 3040 1495 3107 Ι
1538 3029 1748 3086 bonum
1791 3041 1798 3107 Ι
1844 3030 2170 3107 exemplum
2213 3040 2237 3108 Η
2285 3040 2292 3107 Ι
2337 3030 2627 3090 benedicta·
2663 3033 2934 3107 pauperis

1174 3128 1181 3195 Ι
1227 3122 1518 3183 Camelaci
1558 3134 1567 3200 Ι
1610 3120 1952 3198 Cumiensis,
1998 3132 2022 3201 Η
2065 3123 2164 3183 dei
2199 3125 2340 3184 iusti
2375 3124 2594 3183 famuli.
2725 3204 2733 3212 α

1171 3219 1178 3287 Ι
1220 3217 1571 3295 Exemplum
1609 3218 1852 3293 praebet
1891 3218 1952 3275 in
1991 3223 2113 3277 toto
2161 3231 2185 3297 '1
2228 3218 2416 3277 fidelis
2455 3219 2518 3276 in
2563 3230 2569 3293 ξ
2614 3236 2787 3294 opere

1076 3350 1082 3357 -
1172 3310 1294 3389 [Et]
1336 3313 1549 3389 gratias
1586 3311 1698 3371 deo
1740 3326 1748 3392 Ι
1792 3328 1972 3387 agens
2017 3326 2040 3393 Ἰ
2090 3326 2099 3393 ῃ
2139 3311 2336 3371 hilaris
2373 3314 2434 3371 in
2479 3326 2486 3393 1
2529 3312 2899 3371 omnibus.”

781 3439 1031 3523 Quinas
1096 3418 1179 3503 in*
1218 3441 1569 3527 prioribus,
1636 3450 1938 3528 septenas
1989 3439 2060 3505 in
2115 3442 2574 3528 posterioribus
2641 3442 2939 3507 membris
3006 3440 3290 3527 syllabas
3357 3438 3546 3506 habet

612 3542 911 3629 Hymnus
953 3544 1387 3629 apostolorum
1422 3543 1521 3629 (p.
1576 3543 1745 3627 129),
1791 3542 2181 3628 compositus
2227 3542 2518 3609 distichis
2564 3566 2704 3609 cum
2748 3543 3175 3609 consonantia
3213 3542 3394 3607 finali
3440 3552 3548 3608 aut

615 3646 1051 3733 contr-aposita
1092 3655 1203 3711 aut
1246 3646 1628 3732 copulativa,
1676 3654 1747 3709 ut
1782 3644 1855 3709 in
1899 3644 2181 3732 strophis
2232 3649 2261 3711 1
2311 3656 2377 3713 et
2417 3645 2488 3711 8:

622 3788 717 3796 ——

749 3853 775 3880 ⁸
812 3852 853 3905 Ε
890 3850 1239 3905 vetustissimo
1272 3848 1633 3917 antiphonario
1668 3848 1968 3901 monasterii
2001 3846 2377 3901 Benchorensis
2409 3847 2468 3900 in
2501 3846 2763 3910 Hibernia,
2799 3846 2938 3915 quod
2961 3846 3274 3900 Muratorius
3305 3862 3336 3897 e
3371 3846 3546 3899 codice

615 3922 951 3975 bibliothecae
997 3919 1367 3973 Ambrosianae
1410 3922 1584 3987 (quem
1630 3916 1817 3969 tribuit
1858 3916 1970 3985 ipse
2013 3918 2218 3971 saeculo
2259 3921 2440 3970 octavo
2455 3956 2469 3981 ,
2513 3916 2674 3985 Antiq
2716 3956 2730 3969 .
2777 3916 2892 3970 Ital.
2929 3920 2962 3969 3
2975 3954 2990 3979 ,
3025 3919 3154 3977 6693
3204 3915 3414 3968 saeculo
3453 3914 3542 3967 vn

616 3992 692 4044 vel
734 3990 853 4043 VIII
888 3990 1003 4043 Am,
1037 3987 1256 4057 Peyron,
1294 3986 1399 4040 Cic.
1437 3989 1565 4039 orat.
1599 3985 1779 4051 fragm.
1816 3984 1951 4037 ined.
1988 4001 2040 4054 p.
2077 3989 2197 4051 224)
2235 3984 2398 4038 edidit
2432 3986 2487 4037 in
2523 3987 2660 4037 tomo
2723 3984 2770 4037 V
2805 3984 3204 4037 Anecdotorum.

751 4060 805 4090 '⁸‘
840 4057 1095 4127 Congruit
1128 4072 1248 4109 cum
1284 4056 1379 4109 hoc
1412 4059 1575 4107 metro
1610 4055 1957 4107 Romanorum
1995 4058 2291 4117 tetrameter
2325 4054 2674 4117 catalecticus,
2711 4068 2829 4105 cum
2855 4054 3088 4121 proximo
3109 4054 3338 4105 trimeter
3375 4056 3544 4105 acata-

614 4129 793 4181 lectus.
864 4126 999 4180 Illud
1034 4127 1137 4179 iam
1172 4124 1315 4194 apud
1348 4125 1569 4180 comicos
1602 4122 1885 4187 invenitur,
1921 4124 2101 4189 purius
2136 4123 2273 4191 apud
2309 4123 2674 4177 Terentianum
2709 4122 2962 4185 Maurum,
2998 4125 3060 4175 ut
3090 4124 3150 4173 in
3175 4122 3258 4175 his
3283 4120 3544 4173 versibus:

1217 4208 1375 4262 Nulla
1409 4225 1507 4262 vox
1541 4210 1769 4262 humana
1802 4209 2008 4260 constat
2035 4206 2060 4274 Η
2087 4208 2282 4276 absque
2317 4210 2517 4277 septem
2553 4207 2760 4271 litteris,

1218 4278 1339 4332 Rite
1374 4277 1572 4331 vocales
1608 4277 1807 4331 vocavit
1839 4274 1865 4343 Η
1894 4290 2022 4344 quas
2057 4277 2306 4345 magistra
2339 4275 2568 4330 Graecia.

616 4368 715 4423 Vel
747 4366 805 4420 in
839 4363 945 4419 illis
958 4402 971 4427 ,
1002 4377 1131 4443 quos
1168 4366 1348 4416 cantos
1392 4377 1504 4416 esse
1540 4378 1573 4415 a
1614 4361 1868 4442 militibus
1913 4358 2141 4441 Caesaris
2189 4361 2344 4414 refert
2389 4360 2668 4416 Suetonius
2709 4362 2826 4425 (Iul.
2875 4361 3021 4442 Caes.
3069 4378 3113 4415 c.
3159 4363 3274 4425 49):
3341 4358 3544 4441 Gallico

617 4434 879 4504 triumpho
914 4432 1105 4485 milites
1140 4432 1253 4484 eius
1288 4431 1425 4485 inter
1458 4434 1631 4485 cetera
1662 4445 1906 4493 carmina,
1943 4430 2118 4499 quaha
2151 4445 2357 4483 currum
2393 4435 2762 4501 prosequentes
2797 4432 3092 4485 ioculanter
3123 4434 3320 4483 canunt
3333 4466 3346 4491 ,
3387 4436 3546 4482 etiam

620 4502 1041 4575 vulgatissimum
1076 4500 1205 4553 illud
1242 4500 1736 4569 pronuntiaverunt:

1224 4583 1416 4637 Gallias
1452 4582 1639 4637 Caesar
1674 4581 1897 4651 subegit,
1938 4582 1968 4649 Η
1997 4580 2300 4637 Nicomedes
2337 4582 2622 4637 Gaesarem.

1114 4688 1125 4695 -
1224 4652 1358 4705 Ecce
1393 4650 1583 4705 Caesar
1617 4664 1762 4705 nunc
1796 4651 2104 4720 triumphat,
2143 4652 2168 4719 Η
2198 4653 2287 4721 qui
2320 4653 2534 4721 subegit
2563 4652 2784 4719 Galliam

1222 4719 1524 4775 Nicomedes
1559 4736 1667 4775 non
1702 4720 2011 4787 triumphat,
2049 4720 2076 4789 Η
2116 4721 2206 4789 qui
2241 4721 2446 4791 subegit
2480 4720 2765 4777 Caesarem.

620 4812 714 4865 Vel
752 4824 880 4880 quos
913 4807 1075 4861 tradit
1106 4806 1241 4859 idem
1274 4805 1464 4859 ibidem
1499 4822 1544 4857 c.
1582 4810 1673 4857 80:

1225 4890 1397 4944 Gallos
1435 4890 1624 4944 Caesar
1656 4890 1716 4942 in
1750 4890 2074 4959 triumphum
2133 4894 2140 4958 1
2181 4892 2342 4954 ducit,
2378 4891 2512 4945 idem
2549 4892 2605 4944 in
2639 4891 2782 4944 curia

1223 4959 1359 5014 Galli
1393 4960 1603 5013 braccas
1640 4958 2005 5029 deposuerunt,
2047 4960 2073 5027 Η
2132 4964 2275 5013 atum
2314 4961 2516 5013 clavum
2551 4962 2904 5028 sumpserunt.

620 5048 756 5102 Casu
786 5053 961 5101 tamen
1004 5062 1121 5098 cum
1158 5046 1239 5098 his
1275 5060 1569 5113 congruere,
1603 5058 1710 5097 non
1740 5058 1853 5096 esse
1889 5046 2274 5113 transumptum
2309 5048 2526 5098 metrum
2566 5046 2907 5108 hibernicum,
2941 5059 3060 5097 cum
3095 5039 3434 5097 consonantia
3471 5051 3540 5102 hi-

622 5118 845 5179 bernica,
879 5120 991 5169 tum
1028 5114 1124 5167 hoc
1160 5112 1537 5181 comprobatur,
1606 5112 1709 5164 uod
1743 5112 1882 5165 idem
1918 5116 2137 5165 metrum
2173 5114 2230 5166 in
2265 5114 2527 5167 hodiernis
2571 5112 2748 5182 populi
2781 5114 3048 5167 aremorici
3081 5112 3392 5167 carminibus
3443 5132 3542 5172 ςα-

626 5188 775 5237 vatur
811 5186 883 5251 (p.
920 5180 1038 5246 972,
1074 5184 1221 5249 not),
1255 5185 1424 5235 ortum
1459 5181 1563 5233 hau
1633 5180 1787 5233 dubie
1820 5196 1887 5233 ex
1919 5180 2034 5248 ipsa
2067 5182 2250 5236 celtica
2269 5198 2523 5236 ‘versuum
2560 5185 2836 5236 structura.
