3717 5642
620 340 788 404 1050
827 341 1210 407 (1073-10‘15)
1274 360 1637 409 arrasum.
1726 360 2061 408 srscmsn
2104 360 2371 409 oomors
2412 360 2763 409 manarum
2806 361 2910 409 cn.

614 524 779 608 XII,
839 528 1076 612 partire
1120 552 1238 616 per
1277 528 1345 595 X
1390 529 1640 596 decies⁶
1693 554 1838 597 asse
1884 532 2138 613 decus,⁷
2193 538 2256 595 et
2301 538 2629 594 remanent
2672 530 2797 596 duo
2843 531 3095 615 puncti,
3140 532 3208 595 id
3252 540 3374 612 est,
3422 554 3523 597 sex

615 636 859 709 partes3
905 630 1078 694 illam
1123 654 1272 717 ergo
1319 632 1484 697 caeli
1527 641 1772 718 partem
1814 644 1991 700 tenet
2033 634 2185 699 luna
2224 634 2431 713 tertia,
2479 654 2667 717 quam
2711 633 2809 696 sol
2850 656 3071 698 mense
3114 642 3252 697 toto
3298 644 3361 697 et
3403 634 3525 697 die-

615 727 736 794 bus
779 729 873 793 VI
915 743 1066 813 post
1105 733 1360 798 tertium
1403 734 1624 801 Nonas
1667 734 2001 801 Ianuarias
2048 735 2316 813 exactis,
2376 734 2442 797 id
2486 743 2586 797 est
2611 784 2627 813 ,
2688 731 2780 798 VI
2820 742 2972 819 post
3014 734 3271 798 tertium
3314 734 3523 799 Nonas

610 828 993 898 Februarias
1049 833 1154 899 die
1213 846 1666 901 consummato.
1763 836 1894 903 Ubi
1938 848 2164 923 quarta
2208 846 2333 916 est,
2395 833 2749 919 multiplica
2789 834 2950 900 haec
2990 857 3109 921 per
3149 835 3317 915 IIII,
3380 838 3527 899 fiunt

611 930 803 1013 XVI,
859 934 1095 1019 partire
1148 958 1265 1021 per
1320 935 1543 1001 decem
1599 938 1815 1003 decies
1872 960 2021 1005 asse
2064 938 2295 1018 decue,
2354 946 2419 1002 et
2470 944 2798 1001 remanent
2840 934 2933 1001 VI
2988 938 3245 1023 puncti,
3304 937 3375 1001 id
3416 948 3523 1017 est,

609 1042 825 1117 partes
855 1034 922 1098 X
967 1044 1032 1100 et
1058 1035 1243 1102 VIII.
1327 1036 1510 1102 Illam
1553 1038 1747 1125 igitur
1791 1040 1953 1105 caeli
1981 1047 2226 1127 partem
2269 1046 2445 1103 tenet
2485 1038 2638 1101 luna
2666 1046 2907 1122 quarta,
2956 1058 3144 1123 quam
3188 1038 3287 1104 sol
3316 1060 3521 1104 mense

611 1134 862 1219 expleto
918 1157 994 1201 ac
1035 1136 1104 1201 X
1163 1149 1228 1203 et
1269 1138 1434 1204 VIII
1477 1138 1702 1205 diebus
1754 1150 1905 1226 post
1953 1140 2160 1228 pridie
2214 1138 2440 1204 Nonas
2496 1136 2849 1203 Ianuarias.
2947 1136 3077 1204 Ubi
3134 1140 3361 1223 quinta
3410 1152 3519 1219 est,

611 1235 961 1322 multiplica
1001 1237 1062 1303 V
1114 1262 1230 1325 per
1272 1238 1438 1322 IIII,
1495 1241 1658 1304 fiunt
1697 1241 1859 1325 XX,
1919 1242 2155 1329 partire
2209 1263 2323 1327 per
2377 1240 2601 1305 decem
2657 1238 2755 1305 bis
2803 1238 2951 1304 deni
3005 1239 3217 1319 vies3⁸
3284 1241 3518 1306 duobus

609 1358 760 1421 ergo
803 1339 1128 1406 mensibus
1175 1342 1448 1423 expletis
1493 1341 1794 1407 adveniet
1842 1344 1941 1408 sol
1982 1352 2229 1429 partem
2274 1342 2469 1422 caeli,
2542 1362 2733 1425 quam
2776 1339 2931 1404 luna
2972 1340 3197 1425 quinta
3233 1350 3429 1417 tenet,
3469 1342 3531 1405 id

609 1446 736 1531 est,
797 1438 900 1504 die
942 1441 1264 1507 Nonarum
1309 1442 1701 1509 Martiarum.
1791 1442 1926 1510 Ubi
1968 1452 2197 1508 octava
2240 1446 2373 1508 est⁹
2432 1441 2518 1506 VI
2558 1440 2714 1505 Idus
2764 1440 3126 1523 Ianuarias,
3184 1442 3525 1528 multiplica

599 1538 772 1605 ·V111
815 1563 930 1625 per
969 1542 1136 1625 IIII,
1182 1544 1346 1609 fiunt
1386 1544 1694 1628 XXXII,
1753 1545 1990 1631 partire
2032 1566 2149 1630 per
2193 1543 2410 1609 decem
2453 1550 2558 1606 ter
2600 1541 2747 1606 deni
2790 1542 3058 1624 tries,¹⁰
3108 1553 3175 1608 et
3213 1554 3533 1609 remanent

609 1640 736 1706 duo
766 1644 1005 1728 puncti,
1051 1645 1119 1709 id
1151 1656 1266 1727 est,
1315 1645 1410 1711 VI
1449 1656 1666 1732 partes
1713 1647 1904 1727 caeli3
1948 1645 2122 1711 illam
2162 1653 2407 1731 partem
2456 1642 2622 1707 caeli
2665 1652 2842 1708 tenet
2884 1644 3038 1709 luna
3080 1652 3311 1710 octava
3350 1646 3423 1708 in
3448 1643 3535 1707 VI

607 1741 832 1807 Iduum
875 1744 1307 1811 Ianuariarum
1353 1747 1475 1830 die,
1524 1766 1713 1831 quam
1757 1748 1854 1813 sol
1898 1747 2185 1812 aditurus
2230 1753 2329 1810 est
2370 1754 2521 1830 post
2574 1753 2704 1809 tres
2736 1743 2971 1809 abhinc
3013 1768 3267 1811 menses
3312 1756 3376 1811 et
3404 1746 3539 1811 dies

611 1842 726 1925 VI,
773 1846 840 1909 id
885 1857 1000 1927 est,
1046 1846 1141 1913 VI
1186 1848 1286 1913 die
1331 1862 1481 1935 post
1518 1849 1615 1915 VI
1658 1850 1815 1915 Idus
1860 1847 2141 1936 Apriles.

776 1945 944 2035 Cap.
964 1948 1216 2015 XVHI.
1303 1950 1520 2033 Quota
1561 1951 1647 2017 sit
1673 1952 1827 2016 luna
1868 1950 1937 2015 in
1972 1948 2292 2017 Calendas
2337 1953 2681 2033 quasque.²
2752 1945 2968 2012 Primo
3000 1945 3535 2014 decennovenalis

540 2134 550 2143 ι
609 2048 832 2114 circuli
875 2073 1060 2133 anno,
1106 2055 1176 2117 in
1205 2077 1329 2141 quo
1372 2054 1586 2119 nullae
1631 2062 1782 2118 sunt
1825 2060 2109 2139 epactae,
2154 2051 2223 2115 in
2254 2048 2577 2117 Calendas
2607 2049 2938 2114 Ianuarias
2982 2071 3154 2113 nona
3196 2058 3297 2115 est
3325 2049 3531 2131 luna,²

607 2150 676 2214 in
721 2150 1040 2218 Calendas
1081 2154 1462 2222 Februarias
1505 2156 1590 2237 X,
1635 2156 1702 2220 in
1747 2153 2069 2223 Calendas
2098 2150 2368 2217 Martias
2398 2150 2519 2232 IX,
2564 2151 2633 2215 in
2678 2148 2999 2217 Calendas
3028 2150 3292 2237 Apriles
3334 2151 3426 2232 X,
3472 2153 3537 2216 in

609 2251 930 2319 Calendas
974 2254 1184 2322 Maias
1226 2258 1352 2339 XI,
1399 2259 1466 2323 in
1512 2256 1830 2325 Calendas
1875 2256 2095 2323 Iunias
2138 2256 2296 2338 XII,
2340 2255 2409 2319 in
2454 2252 2775 2320 Calendas
2816 2250 3019 2317 Iulias
3065 2250 3256 2333 XIII,
3300 2251 3369 2317 in
3414 2252 3537 2321 Go-

609 2355 836 2422 lendas
883 2358 1212 2443 Augustas
1257 2358 1496 2441 XIIII,
1551 2359 1617 2422 in
1663 2356 1985 2425 Calendas
2032 2358 2441 2443 Septembres
2494 2354 2685 2437 XVI,
2742 2354 2809 2419 in
2854 2351 3176 2421 Calendas
3222 2352 3535 2421 Octobres

606 2456 799 2539 XVI,
869 2458 938 2523 in
982 2457 1304 2527 Calendas
1347 2462 1744 2526 Novembres
1785 2458 2052 2540 XVIII,
2109 2461 2177 2524 in
2222 2458 2542 2526 Calendas
2584 2455 2980 2522 Decembres
3035 2452 3293 2520 XVIII.
3400 2456 3543 2521 Hos

607 2560 726 2625 tibi
769 2583 1070 2627 numeros
1114 2584 1229 2649 pro
1263 2562 1663 2649 regularibus
1695 2562 2087 2648 singulorum
2128 2561 2441 2627 mensium
2488 2580 2685 2639 sume,
2731 2557 2963 2644 quibus
3008 2576 3256 2622 annuas
3302 2556 3541 2623 addens

609 2671 888 2746 epactas,
935 2661 1089 2728 luna
1131 2673 1327 2748 quota
1371 2664 1488 2730 sit⁸
1536 2686 1654 2750 per
1699 2662 2023 2730 Calendas
2068 2684 2373 2750 quasque,
2422 2661 2562 2727 sine
2608 2680 2819 2725 errore
2860 2658 3167 2745 reperies.
3258 2655 3337 2724 Si
3378 2659 3541 2722 enim

611 2762 713 2827 vis
761 2764 954 2844 scire,
1001 2773 1195 2849 quota
1240 2765 1327 2831 sit
1368 2766 1518 2830 luna
1559 2765 1630 2829 in
1675 2763 1997 2832 Calendas
2042 2764 2374 2831 Ianuarias
2418 2783 2585 2829 anno
2630 2760 2913 2826 secundo
2958 2760 3183 2825 circuli
3228 2760 3542 2827 decenno-

610 2863 889 2945 venalis,
943 2875 1092 2930 tene
1139 2864 1235 2931 IX
1274 2867 1667 2953 regulares,4
1733 2865 1897 2931 adde
1941 2870 2205 2953 epactas
2248 2860 2375 2944 Xl,
2436 2865 2598 2928 fiunt
2638 2857 2807 2943 XX,
2866 2861 3175 2927 vicesima
3218 2876 3321 2927 est
3376 2861 3543 2927 luna.

609 2964 682 3031 Si
731 2966 832 3032 vis
889 2967 1088 3048 scire,
1151 2978 1347 3053 quota
1401 2979 1502 3033 est
1542 2969 1694 3033 luna
1745 2967 1814 3031 in
1859 2963 2183 3033 Calendas
2240 2962 2453 3029 Iunias
2519 2986 2687 3029 anno
2732 2964 2952 3043 tertio,
3011 2974 3161 3029 tene
3214 2963 3535 3049 regulares

608 3065 765 3147 XII,
811 3069 974 3133 adde
1007 3080 1267 3155 epactas
1303 3071 1453 3135 anni
1480 3070 1655 3136 illius
1687 3068 1911 3149 XXJJ,
1964 3068 2127 3131 fiunt
2151 3064 2515 3145 XXXIIII,
2558 3065 2713 3131 tolle
2738 3065 2963 3145 XXX,
3007 3072 3346 3129 remanent
3380 3062 3543 3141 11113

609 3178 838 3253 quarta
895 3179 995 3235 est
1038 3170 1187 3236 luna
1237 3171 1304 3236 in
1350 3170 1671 3238 Calendas
1727 3178 2121 3235 memoratas.
2222 3165 2415 3248 Quod
2470 3168 2528 3233 si
2580 3168 2723 3253 quis
2766 3168 3149 3249 obiecerit,²
3210 3166 3317 3232 vel
3358 3166 3535 3230 huius

611 3268 716 3334 vel
760 3272 1204 3355 praecedentis
1249 3272 1598 3359 argumenti
1644 3270 1879 3337 alicubi
1923 3270 2207 3335 ordinem
2250 3268 2571 3349 vacillare,
2616 3270 2843 3335 doceat
2882 3270 3027 3354 ipse
3070 3269 3142 3331 in
3176 3266 3531 3332 huiusmodi

575 3370 584 3399 ¹
611 3372 1098 3457 quaestionibus
1127 3373 1510 3459 indagandis
1542 3371 1836 3438 veracius
1881 3380 1947 3435 et
1972 3368 2488 3456 compendiosius
2519 3380 2974 3455 argumentum,
3020 3378 3089 3435 et
3114 3390 3241 3434 nos
3270 3368 3531 3433 libenter

613 3480 1059 3560 gratanterque
1103 3474 1510 3560 accipiemus.
1612 3473 1762 3539 Hoc
1802 3481 2013 3538 autem
2056 3472 2481 3557 praecedens,
2540 3470 2713 3556 quod
2762 3468 3403 3537 commemoravimus
3442 3492 3534 3533 ar·

611 3584 1006 3659 gumentum,
1089 3587 1152 3643 et
1204 3576 1532 3642 nonnullis
1598 3575 1681 3640 ad
1733 3574 2280 3640 transcribendum
2345 3574 2472 3638 iam
2528 3572 2887 3653 dedimus,²
2958 3580 3025 3635 et
3080 3571 3149 3635 in
3209 3570 3531 3658 principiis

610 3673 798 3740 huius
842 3678 1046 3742 nostri
1091 3678 1384 3763 opusculi
1429 3675 1905 3764 praefigendum
1962 3697 2108 3742 esse
2153 3697 2506 3743 censemus.
2594 3674 2793 3739 Porro
2849 3693 3161 3759 praesens
3208 3693 3531 3758 argumen-

611 3784 759 3857 tum,
807 3778 977 3862 quod
1023 3778 1102 3843 de
1145 3779 1298 3844 luna
1342 3777 1764 3845 Calendarum
1809 3776 2174 3862 quaerenda
2214 3777 2542 3863 posuimus
2562 3828 2578 3859 ,
2624 3777 2747 3842 hoc
2788 3785 3037 3839 tantum
3080 3775 3229 3841 loco
3272 3794 3533 3840 comme-

611 3898 896 3943 morasse
942 3888 1014 3960 et,
1048 3879 1346 3945 docuisse
1392 3878 1687 3944 sufficiat.
1771 3878 1934 3944 Nam
1980 3879 2265 3964 cognita,
2333 3890 2525 3964 quota
2568 3880 2685 3944 sit⁸
2734 3877 2803 3941 in
2848 3874 3171 3943 Calendas
3214 3876 3401 3955 luna,
3448 3872 3533 3937 fa-

610 3977 734 4043 cile'
778 3978 1000 4061 etiam,
1047 3981 1278 4047 ceteris
1325 3982 1633 4066 cuiusque
1677 3981 1915 4046 mensis
1962 3980 2189 4046 diebus
2245 4000 2372 4063 qua
2414 3978 2500 4044 sit
2542 3987 2776 4062 aetate,
2834 3986 3091 4042 cantato
3135 3976 3284 4061 ipso
3327 3996 3529 4041 mense

615 4087 678 4143 et
723 4082 1247 4147 concurrentibus
1304 4082 1520 4167 digitis
1579 4082 1967 4169 apparebit*
2062 4078 2227 4148 Sunt
2269 4091 2481 4147 autem
2524 4081 2678 4146 anni
2730 4090 2860 4145 tres
2912 4078 3175 4143 circuli⁵
3228 4078 3529 4143 decenno—

614 4180 895 4265 venalis,
951 4182 1020 4245 in
1063 4182 1295 4268 quibus
1347 4184 1516 4250 idem
1569 4192 2006 4269 argumentum
2065 4182 2474 4247 stabilitatem
2540 4181 2641 4247 sui
2696 4179 2939 4247 tenoris
2992 4200 3379 4244 conservare
3429 4198 3529 4240 ne-

615 4286 871 4366 queat,⁶
923 4294 1188 4350 octavus
1229 4285 1562 4366 videlicet,
1607 4283 2013 4363 undecimus,
2060 4294 2123 4348 et
2161 4304 2371 4349 nonus
2418 4282 2732 4365 decimus,
2787 4282 2891 4347 cui
2932 4302 3193 4345 causam
3234 4276 3517 4343 nutandi³

746 4507 780 4557 6
815 4504 868 4558 A.
903 4521 940 4556 a
974 4502 1065 4557 den
1082 4502 1302 4572 fodeich
1371 4508 1400 4555 7
1439 4504 1489 4557 .2'.
1523 4502 1746 4557 itadeich

748 4577 778 4623 8
813 4572 985 4641 isfielw
1053 4577 1084 4625 9
1123 4573 1173 4627 ,ιζ
1211 4572 1474 4641 linqidsem
1505 4571 1676 4627 tardes
1713 4572 1848 4625 nesci
1882 4570 1993 4625 beos
2030 4570 2329 4625 archmnbri
2402 4577 2464 4624 10
2499 4573 2552 4627 .i.
2592 4572 2766 4626 trecha
3222 4638 3233 4647 .
3310 4634 3319 4647 ·

747 4644 878 4707 (32⁴)
952 4650 974 4693 1
1015 4640 1188 4694 issiide
1223 4641 1470 4694 ‹ramberse
1504 4640 1723 4694 archim
1758 4642 1809 4696 .i.
1844 4648 1919 4693 est
1953 4641 2104 4693 etiam
2137 4649 2278 4693 uetus
2316 4648 2663 4711 amima-mmm
2692 4641 2763 4695 rl.
2832 4646 2863 4691 2
2888 4641 2965 4703 (in
2990 4654 3043 4692 m
3138 4642 3171 4695 .)
3194 4654 3245 4691 m
3266 4652 3317 4687 m
3342 4650 3525 4712 aegon?-

613 4713 754 4764 latar
797 4719 1011 4781 epactae
1055 4708 1162 4763 ,XI
1203 4711 1272 4763 kl.
1315 4728 1403 4791 ap.
1435 4710 1527 4778 fri
1566 4710 1791 4831 &azlor-i
1833 4710 1888 4762 in
1932 4709 2023 4762 illo
2070 4726 2204 4763 anno
2252 4709 2582 4762 dothoscelad
2612 4710 2691 4763 dis
2726 4708 2833 4761 deci
2862 4708 3082 4828 bissus-⁴
3154 4749 3165 4760 .
3200 4704 3325 4784 capla
3350 4721 3446 4787 'aas
3478 4720 3525 4751 ιι

607 4780 779 4849 primo
823 4794 958 4832 anno
1000 4780 1103 4833 {the
1147 4781 1369 4849 riaylom
1415 4779 1550 4831 imin
1695 4778 1953 4831 laomlam
1982 4779 2075 4847 fri
2106 4786 2293 4847 epacta
2332 4776 2385 4830 X
2388 4777 2430 4830 Ι.
2466 4778 2533 4830 kl.
2573 4796 2660 4849 ap.
2696 4776 2880 4830 hie-acl:
2916 4776 2945 4829 b
2966 4776 3117 4829 indm
3146 4770 3529 4828 madet&

613 4849 746 4901 uuile
813 4852 845 4901 3
881 4850 970 4903 eid
1005 4866 1088 4902 aes
1126 4849 1262 4901 nesci
1327 4854 1360 4901 4
1399 4848 1450 4902 ,ιζ
1487 4864 1571 4900 aes
1607 4848 1743 4901 {vesci
1774 4846 1843 4902 kl.
1879 4848 1987 4901 ian.
2021 4847 2077 4899 in
2102 4848 2277 4917 primo
2314 4864 2449 4901 anno

749 4922 834 4983 (32
843 4919 884 4983 ¹’)
963 4928 980 4971 1
1027 4919 1074 4972 ,αἱ
1114 4916 1458 4986 Ιιξῐνίτὴοήεὼι
1525 4922 1554 4969 2
1594 4918 1645 4971 Αἱ.
1680 4914 1887 4969 sockide
1919 4915 2189 4969 rodaserib
2224 4916 2365 4969 Ιιάαη

749 4992 780 5040 3
817 4988 907 5040 eid
937 4986 1022 5040 cies
1059 4986 1366 5055 dixniqedar
1435 4990 1468 5039 4
1503 4987 1578 5049 (in
1614 4990 1795 5055 marg.)
1833 4986 1882 5037 ,εἴ
1922 4984 2095 5037 ambas
2132 4993 2237 5038 cete
2271 4986 2320 5039 .i.
2358 4984 2483 5038 aoht
2516 4981 2859 5037 asrobartkar
2892 4982 3020 5036 ι’πωί
3462 5044 3491 5055 ..

611 5128 640 5173 ⁷
749 5061 778 5108 5
817 5055 1058 5192 dhaem
1104 5054 1303 5108 bliadni
1329 5053 1648 5124 frithaeiaqla
1681 5070 1887 5106 namma
1921 5054 2112 5107 lassam
2214 5060 2246 5108 6
2284 5055 2333 5107 ,εἰ
2370 5053 2492 5106 arm‘
2526 5053 2703 5107 tosceli
2734 5052 2995 5122 arymnint
3028 5048 3153 5105 actu
3182 5046 3373 5104 used-nu·
3398 5047 3521 5100 sb-
