3717 5642
559 322 684 388 790
747 323 885 387 <⁷⁵3·
909 323 1030 389 ⁷⁵4)
1093 320 1176 388 V.
1223 323 1308 388 1.’
1343 340 1714 392 nummo
1755 339 2044 396 aarum
2086 347 2175 395 m·
2216 345 2589 396 munuca
2624 348 3018 400 muttum.

727 509 791 593 ο)
845 507 1124 576 Vocales
1166 509 1511 596 productas
1553 533 1709 580 num
1749 515 2154 597 praemiserit
2195 517 2241 580 d
2282 514 2580 582 derivans
2596 567 2614 600 ‚
2672 517 2959 583 dubitare
3000 517 3171 584 licet.
3248 516 3453 583 Parum

559 611 729 676 enim
769 611 1076 698 probatur
1117 634 1148 678 e
1212 613 1526 699 producta
1577 613 1748 698 apud
1793 624 2019 698 poetas
2064 617 2131 680 in
2175 619 2432 683 nomine
2476 617 2845 700 Caledonii,
2904 619 3073 686 sicut
3112 619 3179 684 in
3218 623 3457 684 Aremo-

557 712 696 794 rici,
741 712 1040 799 quoniam
1089 713 1257 779 inter
1300 715 1558 782 vocales
1604 725 1931 802 correptas
1986 717 2179 783 nimis
2220 713 2451 786 multas
2508 743 2697 786 unam
2738 722 3093 807 producere
3151 731 3461 808 potuerunt

508 882 516 889 ,
560 812 672 897 (cf.
716 836 780 900 p.
813 814 852 879 3
879 816 1064 901 not.).
1147 815 1288 882 Nec
1329 816 1492 883 fides
1537 839 1792 904 semper
1830 817 2127 884 habenda
2170 828 2271 886 est
2295 818 2650 886 Ptolemaei
2694 822 3171 909 scriptionibu8‚
3216 823 3311 886 cui
3349 844 3461 884 non

560 913 764 980 solum
808 925 908 980 est
950 907 1374 1000 Καληδόνιος
1418 911 1700 998 δρυμός,
1747 918 1864 986 sed
1909 919 2098 986 etiam
2150 911 2465 1006 Οἰιῆκτις,
2518 923 2853 1002 Νεμῆται.
2904 923 3225 1004 Δημῆτᾳι
3268 933 3465 988 contra

556 1016 842 1103 regulam
884 1039 1184 1084 sonorum
1228 1018 1324 1104 (p.
1370 1019 1503 1104 85).
1603 1017 1770 1086 Sunt
1811 1030 2026 1087 autem
2082 1023 2373 1110 exempla
2428 1024 2681 1109 singula
2723 1025 3137 1091 derivationis
3197 1045 3331 1088 cum
3378 1023 3465 1088 ‹li-

556 1117 906 1205 phthongis
930 1117 1173 1186 OED-:
1207 1118 1792 1188 Catamantaloedis
1820 1121 2007 1189 Caes.
2040 1131 2104 1188 et
2126 1121 2377 1190 OHD-2
2414 1125 2753 1192 Olloudius
2780 1123 2976 1191 Inscr.
3000 1125 3231 1209 (Mars,
3264 1151 3322 1213 p.
3346 1127 3465 1210 34).

558 1219 756 1285 Plura
797 1220 1212 1288 derivationis
1259 1221 1536 1308 duplicis
1581 1229 1943 1290 contractae
1989 1225 2086 1309 (=
2113 1226 2338 1311 avad-)
2392 1225 2648 1293 ΑΗΒ-ε
2707 1228 2845 1294 avis
2889 1228 3123 1312 gallico
3176 1229 3464 1296 vocabulo

561 1321 796 1386 alauda
832 1319 1000 1387 Plin.
1048 1322 1127 1388 de
1170 1322 1361 1408 pictis
1405 1321 1556 1388 veni
1600 1321 1913 1388 bascauda
1952 1325 2282 1393 Britannis
2326 1327 2602 1394 Martial.
2651 1330 2747 1410 14,
2780 1330 2860 1394 99
2905 1328 3017 1414 (cf.
3059 1329 3346 1397 Iuvenal.
3380 1332 3466 1410 12,

560 1424 663 1489 46.
739 1421 1110 1507 bacaudae,
1158 1423 1445 1491 conchae
1487 1445 1742 1507 aereae,
1801 1447 2039 1510 genera
2079 1451 2375 1495 vasorum
2418 1429 2636 1497 Gloss.
2679 1428 2893 1517 Pap.).
2966 1430 3313 1518 Bagaudae
3350 1433 3469 1516 (re-

560 1524 761 1591 belles
775 1524 837 1609 ?)
880 1526 1053 1610 apud
1100 1527 1462 1613 complures
1507 1527 1858 1613 scriptores
1902 1537 2185 1596 veteres:
2230 1529 2498 1619 Eutrop.
2542 1532 2765 1598 Aurel.
2808 1531 2977 1599 Vict.
3022 1517 3293 1598 Eumen.
3338 1533 3462 1598 Sal-

559 1627 730 1693 vian.
773 1627 1053 1694 Zosim.⁸
1122 1627 1452 1715 Sapaudia
1493 1628 1845 1713 (recentius
1892 1627 2158 1715 Savoia)
2198 1633 2520 1699 Ammian.
2566 1636 2661 1716 15,
2711 1638 2807 1699 11.
2862 1633 3065 1700 Notit.
3114 1634 3286 1722 dign.
3353 1633 3477 1700 En·

559 1729 740 1796 nodii
791 1727 925 1796 Vit.
989 1729 1060 1800 S.
1103 1729 1484 1819 Epiphanii,
1537 1729 1704 1797 Boll.
1761 1730 1899 1797 Ian.
1943 1732 2002 1815 2,
2044 1733 2189 1797 375.
2273 1731 2639 1821 Sapaudus,
2700 1733 3035 1803 Sabaudus
3094 1735 3291 1820 (nom.
3336 1735 3477 1820 viri)

563 1828 780 1896 Sidon.
844 1829 1032 1918 epist.
1090 1834 1148 1914 5,
1195 1834 1292 1898 10.
1364 1831 1561 1919 Greg.
1623 1832 1772 1899 Tur.
1816 1834 1876 1915 4,
1922 1832 2023 1898 30.
2140 1831 2386 1900 Eodem
2452 1835 2785 1902 referenda
2850 1837 3147 1903 videntur
3200 1837 3478 1904 nomina:

559 1933 943 2019 Apaudulus
1003 1933 1188 2019 (viri)
1243 1936 1456 2002 Amm.
1509 1936 1610 2016 28,
1659 1938 1716 2000 1.
1795 1933 1973 2003 Fons
2026 1933 2297 2002 Bleaudi
2353 1935 2921 2022 (Fontainebleau)
2982 1937 3137 2025 dipl.
3201 1963 3257 2005 a.
3308 1941 3480 2018 1186,

560 2034 806 2103 Mabill.
854 2035 1005 2123 dipl.
1049 2059 1113 2122 p.
1147 2035 1290 2102 603.
1329 2028 1500 2102 ‘cum
1538 2036 1653 2102 illa
1695 2037 1840 2124 alpe
1884 2027 2257 2118 Caesauda’,
2304 2039 2475 2104 circa
2518 2062 2574 2104 a.
2608 2041 2749 2122 805,
2796 2039 3043 2108 Mabill.
3088 2065 3149 2128 p.
3184 2045 3329 2108 509.

731 2137 804 2222 d)
846 2136 1284 2205 Derivationis
1328 2159 1610 2205 conexae
1639 2137 1764 2204 ND
1810 2137 2127 2225 exempla:
2174 2137 2567 2225 Ragondone
2597 2140 2949 2227 (Pannon.)
2981 2142 3137 2209 Tab.
3170 2142 3246 2208 P.
3314 2141 3487 2224 Quo-

560 2238 764 2304 randa
807 2237 1021 2325 (fluv.)
1061 2238 1230 2307 Boll.
1259 2241 1432 2326 Aug.
1464 2243 1524 2323 4,
1558 2242 1700 2306 779.
1764 2237 2137 2302 Βουουίνὸα
2184 2240 2254 2322 (1.
2289 2263 2345 2306 e.
2372 2240 2687 2323 Buvinda,
2734 2243 2881 2308 fluv.
2922 2243 3195 2310 Hibern.
3242 2245 3486 2311 merid.:

561 2338 795 2407 flumen
837 2342 1010 2428 quod
1052 2340 1260 2406 Boinn
1303 2341 1684 2426 nominatur,
1723 2340 1890 2406 Bon.
1933 2340 2123 2406 Mart.
2170 2342 2227 2424 3,
2271 2343 2427 2423 271,
2474 2341 2551 2407 cf.
2596 2365 2659 2427 p.
2692 2342 2835 2427 56),
2902 2345 2961 2404 K
2966 2339 3260 2426 ιιριόνδοι
3310 2349 3486 2433 (pop.

561 2441 867 2527 Hibern.)
909 2439 1074 2508 Ptol.
1155 2441 1522 2508 Berloindis
1566 2440 1760 2525 (nom.
1805 2442 1984 2524 fem,
2042 2464 2209 2507 saec.
2251 2443 2322 2527 8)
2364 2441 2622 2530 Polypt.
2665 2444 2881 2510 Irmin.
2925 2448 3024 2526 71,
3058 2447 3119 2510 7.
3204 2447 3295 2512 Et
3336 2445 3485 2512 RD:

561 2543 872 2612 Picardus
929 2544 1140 2631 (figuli
1180 2544 1385 2628 nom.)
1439 2542 1637 2610 Inscr.
1685 2543 1886 2610 Stein.
1919 2545 2061 2611 947.
2134 2542 2577 2612 Laudardiaca
2616 2545 2801 2626 villa,
2864 2545 3019 2633 dipl.
3065 2570 3120 2613 a.
3152 2550 3305 2630 660,
3352 2549 3489 2614 Mar

563 2647 698 2714 bill.
758 2645 912 2733 dipl.
967 2669 1031 2733 p.
1075 2646 1220 2712 606.
1283 2645 1437 2713 villa
1492 2645 1819 2729 Leverda,
1880 2646 2028 2713 Act.
2078 2643 2191 2714 SS.
2246 2645 2491 2714 Mabill.
2540 2668 2708 2714 saec.
2754 2650 2813 2712 6.
2861 2652 2916 2728 l,
2946 2649 3090 2713 599.
3155 2647 3487 2714 Bacurdus

563 2749 786 2836 (deus)
817 2748 1017 2816 Inscr.
1050 2746 1276 2818 Gelon.
1323 2747 1522 2816 Orell.
1557 2748 1739 2814 1963.
1806 2745 2103 2816 Cacurda
2130 2749 2328 2834 (nom.
2358 2747 2533 2833 fem.)
2566 2747 2749 2816 Grut.
2783 2748 2926 2831 838,
2962 2751 3058 2815 14.
3124 2748 3487 2836 Lapurdum

557 2851 801 2939 (locus)
844 2849 1044 2938 Greg.
1088 2850 1237 2920 Tur.
1271 2853 1334 2936 9,
1365 2851 1466 2934 20,
1513 2849 1571 2918 si
1611 2858 1790 2918 recte
1827 2849 2001 2917 hunc
2043 2849 2255 2917 locum
2297 2850 2606 2964 obtinent.

726 3155 884 3223 Hib
900 3155 1176 3223 ernica
1212 3153 1278 3220 D
1321 3153 1625 3221 derivans
1645 3203 1667 3238 ‚
1726 3176 1889 3241 quae
1930 3154 1999 3218 in
2042 3154 2367 3242 plerisque
2424 3156 2507 3222 ob
2550 3155 2953 3222 commixtam
2996 3155 3411 3242 scriptionem
3454 3159 3495 3220 d

563 3267 628 3323 et
671 3258 736 3322 th
776 3280 890 3344 pro
935 3259 997 3341 d,
1042 3267 1066 3322 t
1107 3255 1362 3323 infectis
1407 3256 1546 3343 (pp.
1579 3258 1681 3323 63.
1716 3254 1826 3339 73)
1872 3254 2133 3321 difficile
2176 3256 2587 3342 distinguitur
2629 3278 2669 3321 a
2714 3256 3042 3322 derivante
3086 3269 3128 3338 t,
3356 3247 3365 3256 ’

733 3362 788 3424 1.
831 3359 1184 3426 terminalis
1226 3357 1523 3424 thematis
1567 3365 1741 3424 certo
1787 3356 2126 3422 statuenda
2168 3367 2269 3424 est
2305 3357 2376 3423 in
2406 3359 2603 3426 subet.
2653 3356 2819 3441 (ord.
2849 3367 3017 3443 post.
3062 3379 3183 3426 ser.
3214 3357 3305 3443 Ι.)
3349 3361 3499 3425 drui

560 3461 901 3548 (Druides),
955 3460 1042 3550 pl.
1087 3461 1192 3528 du.
1239 3460 1458 3541 cimici,
1517 3459 1730 3523 druitk
1774 3455 1923 3524 Wb.
1954 3457 2076 3525 26⁸.
2119 3458 2258 3541 30⁰3
2320 3457 2591 3526 fortasse
2646 3458 2715 3522 in
2758 3457 2903 3524 aliis
2958 3457 3243 3524 eiusdem
3304 3461 3488 3526 seriei

561 3564 980 3631 substantivis
1021 3572 1095 3630 ut
1133 3559 1403 3630 ooimdia
1445 3559 1825 3646 (dominus),
1849 3560 1965 3644 fili
2004 3561 2287 3648 (poeta),
2334 3571 2466 3625 tene
2507 3561 2669 3648 (igni
2678 3561 2738 3647 s)
2758 3611 2775 3643 ,
2820 3561 2927 3625 ord
2965 3559 3224 3645 (lutum)
3271 3571 3337 3627 et
3378 3562 3489 3627 ad·

558 3665 797 3735 iectivo
844 3665 1032 3730 bibdu
1074 3664 1499 3751 (damnatus).

731 3768 788 3832 2.
851 3767 1029 3834 Ante
1071 3767 1330 3835 vocales
1372 3766 1480 3836 vel
1521 3773 1809 3834 servatas
1851 3763 1960 3833 vel
2002 3763 2285 3832 abiectas
2330 3765 2550 3832 eadem
2594 3764 2945 3830 invenitur:
2992 3764 3062 3849 a)
3108 3787 3362 3831 annexa
3402 3766 3483 3832 ad

560 3868 846 3936 radicem
891 3890 1166 3936 excussa
1205 3870 1414 3937 vocali
1458 3878 1608 3935 ante
1653 3865 2061 3934 accedentem
2106 3865 2563 3934 derivationem
2606 3865 2713 3934 vel
2751 3864 3089 3930 flexionem
3102 3915 3119 3945 ,
3176 3865 3489 3932 interdum

562 3972 708 4058 ipsa
748 3979 1056 4056 provecta
1111 3970 1190 4036 ad
1236 3971 1530 4038 duritiem
1571 3970 1782 4036 tenuis
1827 3968 1968 4056 (pp.
2006 3969 2106 4032 60.
2138 3967 2280 4048 62):
2356 3968 2676 4033 cra'z'bdeck
2718 3965 3021 4048 (devotus
3038 4017 3055 4046 ,
3112 3965 3487 4052 religiosu83

562 4071 832 4157 orabud)
889 4069 1020 4138 Tir.
1053 4071 1112 4138 3.
1172 4073 1368 4156 fa'ilte
1409 4070 1715 4157 (laetitia)
1767 4069 1915 4139 Wb.
1956 4072 2038 4136 5¹¹.
2086 4071 2203 4134 14⁴.
2250 4069 2368 4134 16¹³.
2423 4071 2617 4154 sdico&
2658 4068 2869 4156 (laeti3
2914 4068 3148 4152 fa'ilid)
3208 4071 3326 4134 16⁸.
3372 4072 3487 4136 24³.

559 4172 932 4238 inmisceltai
970 4172 1468 4260 (exploratores)
1513 4171 1618 4238 Tr.
1649 4174 1734 4239 4⁵.
1814 4172 1948 4238 alta
1990 4171 2167 4256 (feri3
2204 4169 2455 4254 allatii)
2498 4169 2605 4235 Br.
2648 4170 2711 4235 h.
2744 4170 2844 4235 60.
2944 4169 3493 4257 Frequentissima

561 4297 716 4342 vero
761 4283 915 4340 sunt
957 4275 1248 4362 exempla
1291 4275 1534 4342 vocalis
1579 4275 1780 4342 elisae
1835 4274 1905 4339 in
1949 4271 2284 4339 adiectivis
2344 4271 2783 4338 desinentibus
2836 4271 2905 4336 in
2946 4273 3085 4354 -de,
3146 4295 3415 4360 quorum
3463 4301 3493 4340 e

560 4376 774 4444 finalis
821 4377 1129 4459 alternat,
1171 4376 1550 4464 praesertim
1596 4376 1666 4440 in
1711 4374 1850 4442 cod.
1884 4373 2028 4460 Sg„
2074 4397 2204 4440 non
2249 4373 2456 4439 solum
2498 4395 2645 4440 cum
2688 4394 2787 4456 ae,
2848 4373 2967 4440 sed
3008 4374 3203 4440 etiam
3247 4397 3389 4442 cum
3432 4404 3487 4442 a.

563 4475 749 4560 Quae
781 4478 1112 4561 derivatio,
1157 4479 1279 4544 etsi
1307 4477 1701 4564 respondent
1727 4475 2051 4544 cambi-ica
2076 4475 2387 4541 hodierna
2414 4485 2543 4540 tam
2574 4475 2718 4538 -aid
2746 4497 2934 4561 quam
2962 4476 3153 4540 -aidd
3179 4475 3279 4560 (et
3306 4477 3489 4564 ydd)

561 4580 924 4664 terminata,
979 4589 1196 4647 tamen
1236 4579 1318 4646 ad
1357 4579 1744 4666 primitivam
1783 4577 1980 4643 -DIA
2030 4577 2269 4662 (·adia)
2322 4577 2537 4664 potius
2590 4575 2953 4644 revocanda
2996 4576 3280 4661 videtur,
3340 4601 3491 4665 quo-

700 4834 724 4859 ”’
756 4835 933 4890 Aurel.
967 4833 1104 4889 vict.
1139 4834 1204 4889 de
1237 4833 1364 4888 Caes
1384 4874 1398 4888 .
1423 4837 1517 4888 39:
1553 4834 1723 4888 excita
1754 4846 1941 4886 manus
1976 4833 2255 4898 agrestium
2290 4847 2349 4885 ac
2385 4833 2663 4895 latronum,
2702 4845 2831 4901 quos
2864 4829 3141 4914 Baqaudas
3178 4834 3377 4886 incolae
3410 4851 3492 4888 vo-

563 4907 702 4958 cant.
771 4903 988 4960 Eumen.
1022 4904 1080 4956 in
1113 4919 1358 4984 panegyr.
1397 4907 1498 4956 vet.
1525 4907 1573 4966 3,
1597 4907 1662 4955 4:
1698 4902 2029 4956 latrocinium
2062 4899 2403 4969 Bayaudicae
2434 4901 2742 4953 rebellionis.
2814 4899 3088 4954 Salvianus
3124 4900 3191 4954 de
3224 4902 3491 4972 gubernat.

563 4972 650 5027 dei
682 4972 773 5027 lib.
799 4977 848 5037 ὀ,
883 4989 937 5043 p.
965 4976 1064 5026 159
1098 4972 1176 5026 ed.
1200 4972 1427 5026 Pitheci:
1463 4972 1782 5041 imputamus
1817 4985 2019 5033 nomen,
2056 4969 2195 5039 quod
2228 4971 2328 5052 ipsi
2362 4969 2596 5032 fecimus,
2632 4974 2686 5022 et
2711 4983 2953 5022 vocamus
2986 4969 3216 5033 rebelles,
3253 4985 3495 5026 vocamus

565 5041 817 5122 perditoS,
855 5055 984 5112 quos
1017 5055 1128 5094 esse
1165 5042 1508 5110 compulimus
1540 5040 1854 5092 criminosos.
1935 5037 2131 5102 Quibus
2176 5053 2315 5092 emm
2360 5039 2476 5091 aliis
2511 5039 2665 5090 rebus
2701 5036 2992 5108 Bagaudae
3034 5038 3161 5092 facti
3196 5043 3349 5102 sunt,
3394 5042 3495 5094 nisi

563 5109 930 5180 miquitatibun
962 5109 1188 5165 nostris?
1253 5109 1314 5164 Si
1346 5112 1486 5164 recte
1518 5109 1770 5178 scriptum
1803 5110 1901 5173 est,
1933 5107 2111 5162 referri
2142 5109 2317 5176 potest
2348 5106 2415 5160 ad
2450 5107 2676 5160 radicem
2712 5105 2807 5176 ὸᾶῃ
2842 5111 2915 5174 (p.
2938 5109 3039 5171 16).
