3717 5642
620 384 742 449 698
806 385 944 447 (662·
968 386 1093 449 663)
1538 382 1653 450 IV.
1699 387 1756 451 3.
1821 404 1914 451 DI?-
1955 402 2597 455 commonemus.

617 591 690 632 en
734 572 884 633 creis
924 592 1027 633 ma
1072 570 1269 649 calo-n,
1310 594 1381 635 en
1426 592 1595 656 ereys
1635 594 1739 637 ma
1782 574 1977 653 calon,
2021 594 2094 637 en
2137 574 2289 637 oreis
2331 596 2432 637 ma
2475 577 2688 639 condet
2730 575 2828 660 (in
2872 576 3083 640 medio
3129 597 3270 641 meo
3313 574 3515 659 corde)

479 696 483 699 ·
619 668 751 735 MJ.
796 672 875 736 25
893 672 949 736 b.
1000 674 1120 737 193
1138 673 1197 738 b.
1239 673 1391 739 81b.
1466 696 1537 737 en
1582 677 1736 738 creis
1776 699 1865 739 un
1911 673 2010 738 bez
2067 674 2166 758 (in
2205 675 2416 740 medio
2461 676 2786 765 sepulcro)
2849 678 3042 743 1751).
3111 700 3186 741 en
3229 681 3378 741 ereis
3425 699 3514 739 ma

622 772 815 859 bisaiy
858 795 921 835 ez
965 773 1217 837 cracher
1261 775 1358 859 (in
1390 775 1662 840 mediam
1702 775 1931 840 faciem
1974 797 2178 841 meam
2210 777 2615 864 sputabitur),
2663 800 2738 843 en
2767 781 2916 843 creis
2956 780 3032 842 Ιιο
3061 780 3240 843 ealon
3281 778 3374 861 (in
3401 801 3517 843 me-
3650 854 3651 859 γ

619 874 794 937 dium
851 896 961 938 cor
1002 877 1317 961 vestrum)
1381 879 1461 942 33
1476 900 1530 941 a.
1574 878 1653 943 39
1671 878 1731 943 b.
1798 899 1874 940 en
1931 878 2022 940 tal
2063 901 2146 941 an
2192 878 2291 942 bez
2331 902 2450 964 :qen
2503 878 2602 962 (in
2643 878 2878 961 fronte,
2935 903 3136 968 prope
3181 882 3518 966 sepulcrum
3649 906 3651 943 J

617 975 926 1061 gelidum)
978 978 1096 1041 192
1116 1000 1169 1041 a.
1227 1000 1299 1041 en
1343 990 1449 1041 tan
1494 980 1781 1062 equ-ichen
1824 980 2118 1045 sathanas
2159 980 2257 1064 (in
2300 981 2450 1065 igne
2491 981 2669 1046 iuxta
2713 981 3028 1066 satanam)
3073 982 3230 1048 99b.
3283 1004 3350 1045 oz
3389 982 3520 1044 kare
3649 980 3651 1057 ζ

618 1102 699 1141 an
743 1099 877 1141 men
920 1102 1084 1161 man,
1131 1102 1199 1142 ot:
1242 1081 1389 1144 bars
1430 1104 1515 1143 an
1559 1101 1695 1143 men
1741 1080 1921 1166 (post
1961 1081 2236 1167 lapidem
2279 1081 2465 1163 hunc,
2513 1082 2581 1147 in
2622 1092 2801 1168 tergo
2844 1083 2919 1168 l.)
2961 1082 3124 1148 Buh.
3155 1084 3258 1164 96,
3289 1084 3347 1147 9.
3382 1083 3472 1145 19.

782 1179 935 1243 Alia
978 1182 1264 1267 sequitur
1305 1180 1719 1267 praepositio:
1769 1192 1884 1245 tost
1929 1205 2041 1245 ouz
2085 1182 2180 1247 bez
2223 1207 2326 1247 ma
2366 1196 2588 1248 autrou
2630 1185 2858 1271 (prope
2893 1184 3259 1271 sepulcrum
3301 1184 3520 1249 domini
3649 1166 3651 1245 7

616 1279 768 1364 mei)
818 1279 953 1345 MJ.
990 1283 1109 1346 192
1125 1283 1183 1348 b.
1242 1294 1354 1346 tost
1407 1282 1534 1345 dan
1578 1304 1713 1345 mor
1754 1287 2025 1347 armoric
2079 1284 2308 1371 (prope
2359 1308 2532 1351 mare
2579 1286 3018 1367 aremoricum3
3077 1285 3224 1351 hod.
3269 1287 3382 1350 εδει
3419 1285 3520 1370 da)
3650 1332 3651 1365 ÷

614 1380 772 1446 Buh.
828 1383 967 1463 148,
1010 1383 1111 1447 21.
1180 1382 1263 1445 da
1309 1383 1555 1447 arlcuest
1606 1407 1644 1446 a
1691 1396 1803 1447 tost
1844 1385 1973 1448 dan
2015 1406 2152 1450 mor
2193 1408 2266 1450 en
2307 1410 2387 1449 vn
2415 1388 2616 1470 fm·est
2667 1387 2778 1473 (ad
2832 1376 3296 1475 expectandae,
3347 1387 3520 1467 feras,
3650 1386 3651 1467 ᾗ

615 1505 813 1570 prope
854 1507 1031 1549 mare
1072 1484 1141 1549 in
1186 1484 1379 1568 silva)
1429 1485 1527 1565 32,
1568 1490 1629 1566 13
1687 1484 1763 1551 cf.
1810 1508 1851 1549 a
1897 1496 2010 1550 τοδε
2051 1478 2456 1573 (‘cominus')
2503 1487 2687 1556 Cath.
2769 1488 3174 1556 Gallicanum
3210 1491 3524 1575 palanwur
3649 1488 3651 1539 ἶ

618 1576 985 1672 (‘propter')
1031 1584 1254 1652 Cath.:
1308 1588 1641 1671 palamour
1676 1588 1828 1673 qlan
1872 1587 1956 1651 da
1997 1608 2143 1653 roen
2191 1614 2274 1654 an
2321 1590 2414 1654 bet
2465 1590 2672 1674 (certo
2723 1603 2986 1679 propter
3025 1614 3246 1679 regem
3289 1590 3523 1675 mundi)
3649 1632 3651 1685 ᾗ

614 1686 1255 1870 Βώέεἰιίῒτξὲἓοήίε,
1289 1788 1461 1872 bellic,
1496 1790 1608 1870 bet,
1641 1790 1746 1875 byt
1788 1792 2178 1877 significanti
2220 1794 2327 1859 lat.
2371 1794 2474 1875 ad,
2521 1816 2709 1879 usque
2737 1794 2840 1875 ad,
2884 1796 3277 1880 respondent
3302 1794 3525 1859 formae
3649 1802 3651 1809 ’

616 1894 1000 1957 aremoricae
1045 1892 1510 1976 frequentiores
1554 1890 1747 1974 BET,
1793 1890 1974 1957 BED
2018 1894 2123 1959 vel
2166 1893 2407 1962 BEDE
2454 1896 2548 1979 (=
2593 1898 2826 1963 cambr.
2873 1897 2968 1961 bet
3006 1898 3094 1969 in,
3142 1897 3235 1961 bet
3277 1898 3320 1978 i,
3365 1916 3524 1961 corn.

616 1994 720 2079 bys
758 1995 887 2079 yn?
944 2016 1026 2058 an
1072 2023 1131 2047 =
1178 1993 1322 2058 hod.
1368 1993 1462 2056 bet
1503 2015 1595 2073 ec,
1652 1994 1691 2059 i.
1741 2016 1795 2059 e.
1844 1993 1936 2058 bet
1977 1994 2151 2079 ac?):
2213 1995 2326 2060 bed
2357 2003 2595 2082 patric,
2644 1998 2760 2064 bed
2798 2000 2978 2083 dewy,
3037 1997 3182 2062 bede
3213 1997 3524 2082 patricius,
3650 1994 3651 2053 ἴ

618 2094 759 2159 bede
803 2097 956 2180 ‹za-y
1000 2094 1113 2180 (ad
1156 2093 1533 2175 Patricium,
1578 2094 2038 2181 Davidagium)
2082 2095 2244 2161 Buh.
2293 2100 2349 2179 6,
2389 2102 2484 2165 15.
2534 2102 2672 2183 196,
2715 2102 2812 2164 11.
2859 2101 2920 2180 2,
2951 2100 3009 2165 3.
3061 2099 3201 2179 198,
3237 2100 3334 2163 10.
3399 2098 3528 2161 bede
3649 2164 3651 2175 ⁴

614 2197 908 2261 hiber-don
942 2198 1041 2281 (in
1068 2194 1479 2281 Hiberniam)
1516 2198 1613 2279 14,
1648 2198 1745 2261 14.
1836 2194 1996 2263 Cum
2043 2197 2308 2263 articulo
2355 2198 2497 2264 bede
2538 2224 2638 2282 an,
2688 2202 2898 2265 bedan:
2945 2202 3107 2265 deux
3151 2200 3294 2265 bede
3336 2224 3416 2264 an
3456 2199 3528 2261 les
3649 2212 3651 2229 ¹

616 2300 841 2362 celestel
881 2299 1063 2385 (veni
1109 2299 1189 2363 ad
1218 2299 1429 2363 aulam
1460 2297 1831 2382 caelestem)
1869 2300 2006 2379 146,
2049 2299 2140 2363 12.
2203 2300 2346 2363 duee
2369 2352 2382 2364 .
2411 2350 2423 2365 .
2453 2352 2465 2365 .
2499 2302 2684 2366 baden
2717 2304 3080 2389 predicator
3123 2301 3312 2365 baden
3351 2300 3528 2364 cador

615 2403 689 2464 de
731 2402 905 2465 enm·
945 2400 1191 2484 (venite
1234 2400 1313 2465 ad
1359 2398 1878 2486 praedicatorem,
1926 2399 2007 2464 ad
2038 2399 2405 2466 cathedram
2449 2403 2530 2468 ad
2560 2426 2701 2469 eum
2744 2402 3209 2488 honorandum)
3255 2404 3356 2484 76,
3390 2406 3446 2465 7.
3474 2400 3528 2464 8.
3649 2392 3651 2473 ξ

615 2502 724 2564 doe
765 2502 846 2565 Ἰια
890 2502 1006 2564 den
1050 2526 1090 2563 α
1132 2523 1279 2565 voue
1318 2503 1485 2564 souis
1527 2512 1701 2564 stane
1738 2512 1894 2586 qaut
1935 2501 2061 2565 cals
2105 2522 2346 2585 anquen
2391 2504 2574 2568 beden
2617 2528 2800 2570 maru
2839 2530 2959 2593 yen
3014 2507 3202 2591 (deus
3248 2514 3315 2570 et
3355 2504 3530 2569 homo
3650 2528 3651 2573 1

614 2603 723 2689 qui
782 2602 1071 2669 defessus
1134 2603 1253 2667 fuit
1306 2602 1465 2667 adeo
1517 2623 1752 2686 magna
1804 2623 2105 2666 aerumna
2161 2626 2366 2690 usque
2419 2606 2500 2669 ad
2554 2615 2817 2673 mortem
2867 2608 3190 2693 frigidam)
3256 2607 3393 2688 102,
3441 2607 3528 2669 15.
3650 2578 3651 2633 3

614 2706 830 2770 dinam
879 2704 1063 2769 beden
1087 2704 1296 2786 finuez
1352 2703 1525 2787 (sine
1570 2702 1818 2767 macula
1860 2726 2066 2789 usque
2111 2704 2192 2769 ad
2233 2704 2454 2788 finem)
2502 2708 2639 2789 104,
2683 2710 2741 2773 5.
2831 2708 2998 2776 Cum
3054 2708 3529 2795 pronominibus
3650 2734 3651 2737 ¹

616 2806 862 2872 suffixis
920 2807 1031 2871 bed
1074 2807 1280 2890 enhaff
1330 2806 1443 2890 (ad
1489 2805 1693 2888 eum),
1754 2804 1847 2867 bet
1888 2806 2042 2889 enky
2099 2805 2211 2890 (ad
2255 2828 2420 2887 eam3
2478 2806 2556 2872 cf.
2601 2832 2662 2894 p.
2695 2810 2883 2895 672);
2945 2812 3062 2877 sed
3105 2810 3297 2876 etiam
3353 2809 3526 2873 bedec

613 2909 821 2993 enhaff
859 2908 972 2993 (ad
1018 2910 1189 2991 eum)
1234 2906 1397 2972 Buh.
1444 2908 1584 2988 184,
1625 2908 1720 2971 18.
1808 2904 1981 2971 Hod.
2029 2906 2152 2971 bete
2197 2916 2344 2972 ante
2387 2928 2736 2992 consonas,
2785 2911 2977 2998 beteq,
3023 2912 3187 2977 betek
3230 2920 3376 2976 ante
3417 2932 3528 2973 vo-

615 3010 805 3091 cale8‚
853 3010 1024 3097 apud
1064 3009 1349 3075 Venetos
1390 3018 1605 3073 tamen
1646 3018 1711 3075 et
1741 3008 1834 3073 bet
1875 3016 1938 3073 et
1981 3007 2132 3091 beta,
2182 3008 2381 3095 ὁρίας),
2429 3030 2574 3075 cum
2615 3035 2796 3099 pron.
2829 3014 2992 3102 ὅπερ
3021 3037 3281 3096 eunoun,
3323 3020 3527 3077 venet.

617 3112 709 3175 bet
750 3133 953 3175 on-me
995 3111 1229 3197 (usque
1275 3111 1355 3175 ad
1397 3110 1548 3195 me).

1824 3438 2328 3447 ——-———.--——-.

1640 3706 1968 3789 CAPUT
2018 3707 2080 3787 'l'
2095 3707 2390 3790 ERTU?
2406 3708 2506 3787 M.

1670 3890 1785 3965 De
1842 3892 2496 3968 coniunctionibus.

786 4093 1287 4169 Coniunctiones
1350 4115 1519 4179 quae.
1569 4094 1918 4159 sententias
1977 4094 2081 4160 vel
2121 4118 2316 4162 voces
2370 4118 2500 4159 non
2545 4094 2752 4160 solum
2797 4096 3132 4182 copulant,
3189 4096 3304 4161 sed
3355 4094 3534 4159 etiam

628 4196 981 4281 disparant,
1030 4205 1415 4280 comparant,
1464 4206 1813 4281 opponunt,
1860 4204 1924 4259 et
1952 4196 2129 4261 vario
2172 4197 2360 4265 modo
2392 4199 2571 4263 iuxta
2595 4207 2859 4284 ponunt,
2905 4198 2972 4261 in
3015 4197 3256 4283 linguis
3299 4195 3534 4263 celticis

616 4298 785 4363 sicut
846 4307 1093 4361 ceterae
1135 4296 1486 4382 particulae
1540 4304 1649 4360 aut
1700 4296 2064 4382 primitivae
2119 4308 2295 4381 sunt,
2351 4300 2722 4387 plerumque
2773 4298 3286 4384 monosyllabae,
3338 4298 3534 4363 rarius

615 4398 998 4482 bisyllabae‚
1045 4406 1153 4462 aut
1196 4421 1277 4463 ex
1319 4397 1465 4463 aliis
1510 4397 1816 4463 orationis
1859 4399 2150 4484 partibus
2198 4401 2589 4488 desumptae,
2633 4413 2705 4467 ut
2748 4424 2783 4465 e
2825 4400 3105 4480 nomine,
3153 4398 3533 4487 pronomine,

623 4499 1229 4587 praepositionibus,
1277 4521 1439 4585 quae
1484 4498 1588 4563 vel
1632 4522 1747 4584 per
1791 4522 1861 4565 se
1907 4511 2228 4587 ponuntur
2269 4504 2375 4567 vel
2419 4504 2887 4589 coniunguntur
2927 4503 3092 4567 inter
3135 4524 3230 4567 se.

1338 4836 1396 4911 I.
1489 4838 2213 4915 coniunctiones
2265 4841 2826 4915 hibernicae.

784 5043 838 5103 1.
908 5037 1549 5106 Coniunctiones
1593 5040 2046 5127 primitivae
2088 5041 2193 5108 vel
2236 5042 2624 5108 obscurioris
2669 5041 2973 5129 originis,
3019 5040 3372 5107 secundum
3413 5038 3539 5105 affi-

617 5139 881 5206 nitatem
924 5140 1416 5227 significationis
1461 5142 1835 5229 dispositae.
