3717 5642
510 321 731 388 XLIV
1585 339 1995 390 Pnoosnmm
2036 340 2374 390 nnn-oms.

509 510 798 596 repetitis
843 510 1266 576 transcribere
1323 517 1388 574 et
1431 531 1772 597 excerpere
1826 511 2083 592 liceret,
2139 513 2508 597 praesertim
2567 536 2731 600 quae
2788 515 2871 581 ad
2910 512 3108 596 Quill.
3152 514 3439 600 (Quille-

512 620 696 703 vere)
737 620 1137 686 referrentur.
2153 619 2157 622 ’

681 727 758 793 In
801 738 1123 814 postrema
1183 729 1434 795 demum
1487 729 1702 815 operis
1767 738 1949 816 parte
2012 732 2343 817 occupatis
2402 755 2637 799 novum
2694 733 3121 798 adiumentum
3162 736 3439 802 oblatum

519 848 632 921 est,
681 839 850 904 unde
891 838 1260 905 hodiernam
1305 838 1712 905 dialectorum
1758 840 2127 908 varietatem
2172 843 2373 928 magis
2420 842 2722 908 adnotare
2764 865 3129 929 possemus:

679 949 1057 1015 Nouveau
1102 948 1670 1014 Dictionnaire
1716 949 2007 1035 pratique
2036 950 2313 1034 franeais
2360 961 2426 1017 et
2453 953 2677 1017 breton
2722 953 2807 1018 du
2837 953 3108 1019 dialecto
3150 953 3230 1023 de
3258 954 3441 1022 Leon

521 1080 678 1123 avec
719 1058 816 1122 les
861 1058 1231 1145 acceptione
1279 1059 1566 1124 diverses
1613 1057 1774 1124 dans
1818 1058 1915 1125 les
1960 1059 2265 1127 dialectes
2311 1061 2391 1126 de
2438 1059 2730 1142 Vannes,
2780 1060 2859 1126 de
2904 1061 3213 1148 Treguier
3254 1074 3319 1129 et
3361 1065 3439 1130 de

518 1166 926 1235 Oornouaille
979 1209 1040 1216 w
1094 1190 1211 1254 par
1253 1167 1335 1233 A.
1382 1167 1702 1236 Troude.
1788 1168 2009 1251 Brest,
2060 1171 2220 1235 1869
2236 1196 2256 1250 ;4
2320 1171 2389 1234 in
2434 1193 2559 1256 quo
2604 1169 2768 1237 libro
2815 1180 3157 1258 praecepta
3194 1174 3445 1260 aliquot

515 1277 923 1365 grammatica
965 1276 1354 1364 Legonideci
1400 1279 1829 1361 emendantur,
1877 1280 2254 1366 praesertim
2299 1279 2377 1345 de
2410 1302 2705 1346 sonorum
2750 1280 3197 1368 principalium
3240 1293 3442 1349 muta-

513 1389 816 1455 tionibus.
861 1423 946 1436 —-
988 1386 1278 1469 Quocum
1324 1386 1709 1455 conferenda
1751 1398 1869 1470 est,
1917 1389 2288 1476 discrepans
2335 1391 2711 1477 scriptione:
3163 1450 3170 1457 .

687 1497 919 1565 Gram
938 1497 1174 1563 maire
1216 1496 1891 1581 francaise-bretonne,
1937 1509 2282 1566 contenant
2322 1509 2460 1566 tout
2503 1522 2577 1565 ce
2608 1501 2718 1586 qui
2748 1509 2847 1566 est
2875 1502 3237 1568 necessaire
3280 1527 3445 1591 pour

524 1609 880 1696 apprendre
923 1608 988 1672 la
1027 1607 1262 1693 langue
1305 1609 1613 1674 bretonne
1657 1610 1737 1675 de
1781 1609 2060 1676 l’idiome
2107 1609 2187 1674 de
2232 1609 2521 1693 Vannes3
2579 1634 2694 1698 par
2751 1611 2803 1676 Ι.
2852 1609 3205 1679 Guillom
3226 1636 3292 1696 e,
3348 1615 3447 1680 vi-

519 1721 686 1786 caire
733 1719 813 1784 de
857 1716 1030 1782 Sere.
1121 1716 1404 1800 Vannes,
1456 1720 1634 1785 1836.

693 1826 1007 1894 Omnibus
1051 1827 1155 1893 his
1201 1827 1581 1895 adiumentis
1629 1829 2117 1915 diligentissime
2160 1830 2278 1911 usi,
2326 1841 2626 1915 quantum
2668 1853 2786 1917 per
2826 1830 3139 1896 humanae
3178 1843 3447 1898 naturae

517 1939 946 2004 infirmitatem
989 1938 1252 2020 licebat,
1299 1938 1366 2003 id
1410 1938 1665 2004 consilii
1709 1940 1914 2006 secuti
1958 1963 2211 2022 sumus,
2258 1949 2327 2004 ιιι
2371 1939 2581 2025 operis
2611 1951 2847 2025 utpote
2888 1963 3019 2007 non
3058 1931 3281 2020 nostri,
3328 1943 3449 2009 sed

519 2049 739 2131 alieni,
782 2049 1056 2128 ratione,
1117 2049 1326 2133 quoad
1371 2050 1508 2115 eius
1551 2049 1690 2114 fieri
1733 2061 1973 2136 posset,
2020 2049 2321 2114 universe
2365 2060 2645 2130 servata,
2707 2050 2958 2116 etiamsi
3002 2050 3210 2118 minus
3254 2053 3446 2120 nobis

517 2161 832 2248 placeret,
893 2145 1173 2224 servatis
1211 2159 1427 2240 etiam,
1487 2182 1750 2245 quorum
1792 2161 1935 2226 loco
1981 2181 2149 2225 nova
2200 2181 2319 2246 pro
2366 2159 2557 2224 certis
2600 2182 2955 2245 proponere
3004 2183 3134 2226 non
3178 2161 3449 2228 audere·-

518 2293 689 2352 mus,
745 2270 875 2334 nisi
922 2268 1090 2356 quod
1131 2268 1449 2334 interdum
1494 2269 1908 2336 dubitationis
1952 2279 2163 2334 notam
2193 2268 2275 2355 [Ρ]
2325 2270 2758 2356 apposuimus,
2802 2270 2871 2336 in
2916 2270 3187 2356 singulis
3230 2295 3450 2338 emen-

520 2380 749 2446 dandis
795 2379 1256 2460 adhiberemus‚
1304 2400 1464 2465 quae
1507 2379 1744 2455 rectius
1803 2380 2132 2446 invenisse
2177 2389 2287 2444 ant
2330 2380 2457 2466 ipsi
2500 2381 2686 2445 nobis
2730 2380 3087 2446 videremur
3130 2393 3240 2446 aut
3282 2405 3451 2469 quae

519 2491 783 2556 aliorum
827 2488 1334 2576 quaestionibus,
1381 2489 1756 2574 praesertim
1799 2489 2101 2570 Stokesii,
2148 2489 2308 2556 citra
2352 2489 2803 2556 dubitationem
2846 2491 3061 2577 posita
3104 2514 3248 2558 esse
3294 2515 3451 2560 con-

518 2602 889 2681 fideremus;
933 2599 1026 2663 ita
1066 2609 1307 2679 tamen,
1366 2609 1435 2662 ut
1476 2600 1939 2666 abstineremus
1986 2601 2453 2686 comparatione
2494 2600 2884 2686 linguarum,
2942 2613 3253 2688 quatenus
3306 2607 3453 2690 qui·

521 2713 662 2777 dem
715 2734 844 2774 non
901 2709 1221 2774 videretur
1283 2710 1681 2792 necessaria,
1749 2711 2211 2777 abstineremus
2265 2709 2553 2796 longiore
2608 2710 3039 2796 disputatione
3058 2762 3074 2793 ,
3143 2735 3269 2798 qua
3332 2739 3451 2800 pro

522 2821 760 2887 nostris
831 2819 1239 2906 opinionibus
1295 2841 1838 2905 propugnaremus
1909 2831 2017 2887 aut
2070 2822 2585 2906 impugnaremus
2640 2821 2899 2886 alienas.
2998 2821 3215 2903 Quare
3280 2847 3453 2910 quae

522 2932 704 2997 aliter
749 2929 1230 3016 explicavimus,
1275 2931 1777 3015 composuimus,
1825 2931 2293 3018 disposuimus,
2337 2941 2406 2994 ut
2448 2929 2527 2996 de
2570 2929 2845 2994 flexione
2887 2933 3289 3016 potissimum
3331 2957 3453 2999 no-

520 3045 758 3108 minum
803 3062 878 3105 ac
921 3040 1273 3120 verborum,
1323 3050 1416 3105 ea·
1443 3063 1554 3106 cur
1597 3041 1695 3107 sic
1737 3043 2210 3122 mutaverimus,
2256 3063 2385 3106 non
2432 3039 2635 3125 magis
2676 3039 2745 3104 in
2774 3039 2898 3106 hoc
2938 3040 3103 3108 libro
3148 3046 3453 3129 exposui-

521 3175 690 3233 mus,
758 3173 944 3236 quam
988 3149 1172 3214 cuius
1218 3149 1298 3214 de
1343 3150 1700 3237 quibusque
1743 3151 1865 3216 viri
1910 3151 2080 3218 docti
2125 3151 2500 3218 sententiam
2548 3150 2750 3216 secuti
2796 3150 2995 3216 simus
3038 3151 3294 3236 (paucis
3336 3175 3450 3219 ex-

523 3263 746 3348 ceptiS,
795 3281 958 3346 quae
1002 3259 1070 3323 in
1098 3258 1438 3324 Addendis
1484 3259 2056 3344 adumbravimus);
2102 3260 2317 3347 potius
2361 3259 2441 3325 de
2469 3259 2597 3326 illis
2640 3261 2765 3326 alio
2809 3260 2951 3326 loco
2996 3272 3107 3328 aut
3136 3261 3449 3329 disserui-

521 3395 660 3437 mus
721 3380 833 3435 aut
876 3370 1285 3436 disseremuS.
1372 3367 1674 3434 Omnium
1717 3378 1927 3436 autem
1970 3371 2242 3456 primum
2282 3368 2350 3433 id
2393 3370 2707 3455 agendum
2750 3369 3035 3436 arbitrati
3081 3393 3298 3439 sumus
3317 3423 3334 3454 ,
3382 3383 3455 3438 ut

520 3484 698 3549 locos
745 3489 808 3546 et
849 3480 1159 3546 vocabula
1174 3530 1190 3561 ,
1239 3473 1401 3564 quae
1445 3479 1629 3564 quasi
1673 3481 2001 3546 materiem
2045 3500 2121 3545 ac
2162 3478 2633 3546 fundamentum
2681 3479 2851 3544 omni
2894 3479 3143 3546 futurae
3182 3481 3454 3567 indaga-

521 3592 680 3658 tioni
724 3590 1130 3678 praeberent,
1187 3611 1372 3675 quam
1432 3589 1789 3655 rectissime
1847 3611 1925 3656 ac
1966 3589 2335 3676 plenissime
2393 3599 2458 3655 et
2508 3610 3005 3676 proponeremus
3071 3612 3107 3654 e
3149 3589 3330 3657 libris
3390 3603 3457 3658 et

523 3704 1101 3788 interpretaremur.
1189 3697 1338 3779 Qua
1378 3699 1446 3764 in
1489 3722 1562 3764 re
1603 3698 1852 3786 agenda
1896 3709 1967 3766 ut
1994 3721 2300 3785 prospere
2342 3699 2534 3766 nobis
2581 3697 2833 3779 accidit,
2880 3699 3051 3784 quod
3091 3697 3456 3766 hibernico-

523 3837 658 3878 rum
704 3809 945 3897 duplici
995 3810 1063 3874 in
1107 3808 1486 3894 quibusdam
1541 3809 1878 3876 collatione
1923 3809 2017 3874 uti
2059 3809 2267 3890 licuit,
2326 3831 2468 3874 cum
2511 3808 2794 3874 codicem
2837 3807 2955 3872 Ld.
3016 3817 3081 3874 et
3132 3831 3212 3875 ex
3274 3821 3459 3897 parte

409 3959 416 3967 ·
524 3922 626 3989 Pr.
671 3921 781 4007 Sg.
825 3919 1143 3984 Martinus
1185 3917 1384 3985 Hertz
1438 3927 1566 3983 tam
1620 3928 1914 3985 accurate
1954 3919 2355 3995 contulisset,
2416 3929 2487 3985 ut
2530 3917 2881 4004 compluria
2920 3917 3073 3983 inde
3113 3919 3453 3986 emendare

525 4053 893 4118 possemus,
957 4051 1080 4095 nec
1119 4029 1248 4094 nisi
1289 4027 1406 4092 illa
1445 4027 1514 4092 in
1555 4027 1763 4113 ipsius
1807 4028 2147 4094 collatione
2192 4028 2569 4114 corrigenda
2608 4027 3075 4109 inveniremus,
3136 4050 3300 4114 quae
3340 4029 3459 4096 ho·

533 4142 768 4207 minem
809 4140 1066 4225 linguae
1109 4139 1397 4225 ignarum
1439 4160 1568 4202 non
1609 4137 1831 4204 fallere
1874 4159 2004 4203 non
2046 4146 2404 4222 potuerunt,
2454 4148 2523 4203 ιιι
2566 4137 2917 4203 simillimas
2962 4137 3129 4203 inter
3172 4160 3243 4205 se
3284 4138 3457 4206 litte·

540 4273 647 4317 ras
691 4276 733 4316 a
779 4257 842 4314 et
882 4272 958 4331 u,
1002 4271 1032 4312 ε
1075 4257 1141 4314 et
1181 4271 1235 4330 r,
1293 4271 1330 4310 r
1373 4258 1437 4313 et
1477 4272 1520 4310 n
1577 4247 1907 4328 confusas,
1965 4246 2221 4313 codices
2267 4246 2372 4312 Tr.
2430 4259 2495 4312 et
2546 4246 2661 4314 Ml.
2720 4257 2783 4312 et
2826 4245 3169 4313 Whitleius
3228 4247 3467 4316 Stokes

528 4371 592 4427 et
635 4359 1094 4428 Constantinus
1133 4356 1384 4442 Nigra*,
1429 4358 1522 4424 ita
1563 4357 2014 4444 impedimento
2058 4355 2193 4440 fuit,
2241 4357 2411 4443 quod
2451 4366 2702 4443 praeter
2730 4379 2971 4444 paucos
3001 4357 3180 4424 locos
3210 4359 3457 4426 codicis

529 4469 699 4551 Wb.,
745 4471 814 4534 in
843 4490 1024 4554 quos,
1073 4490 1216 4534 cum
1245 4467 1314 4530 in
1343 4467 1456 4534 illa
1498 4470 1652 4533 urbe
1697 4476 1844 4533 ante
1873 4465 1998 4538 hoc
2023 4465 2347 4531 biennium
2377 4466 2845 4553 philologorum
2878 4468 3221 4534 conventui
3262 4467 3465 4533 inter-

529 4602 833 4661 essemus,
877 4577 1006 4664 ipsi
1049 4575 1526 4663 inspeximus”,
1571 4577 1816 4642 nullum
1859 4575 2115 4641 omnino
2160 4576 2385 4641 librum
2434 4577 2927 4663 manuscriptum
2969 4577 3210 4644 nostris
3252 4577 3463 4644 oculis

531 4709 790 4753 cernere
833 4688 1174 4771 potuimus,
1220 4698 1286 4752 et
1311 4709 1785 4773 nonnunquam,
1830 4707 1997 4772 quae
2026 4684 2443 4752 adnotaverat
2468 4687 2557 4768 Z.,
2602 4685 2964 4754 difficiliora
2989 4688 3161 4755 lectu
3201 4686 3461 4754 fuerunt

529 4827 596 4835 .-
608 4827 789 4834 -----·——
804 4827 928 4834 --—-4

665 4893 690 4920 ⁸
725 4891 769 4945 Ε
802 4891 888 4947 m.
926 4907 1059 4962 quae
1092 4891 1180 4946 ille
1217 4890 1411 4956 attulit,
1446 4894 1586 4945 retro
1619 4889 1903 4946 numeratis
1939 4889 2193 4944 columnis
2208 4928 2222 4954 ,
2257 4891 2493 4959 apposito
2526 4907 2569 4945 r.
2604 4891 2798 4956 notavi,
2833 4906 2969 4962 quae
3002 4891 3105 4957 hic,
3139 4893 3467 4961 simplicibus

531 4978 761 5032 numeris
796 4979 1116 5048 paginarum.
2322 4987 2335 5000 ·

667 5063 720 5090 ⁸⁸
755 5067 817 5115 ut
841 5079 992 5132 quem
1015 5077 1176 5130 supra
1202 5077 1255 5130 p.
1278 5061 1520 5117 XXXVI
1553 5063 1909 5132 apposuimus,
1946 5061 2073 5114 alios
2108 5060 2374 5130 quosdam,
2412 5061 2467 5114 in
2504 5061 2694 5130 quibus
2730 5061 2959 5130 legendis
2994 5063 3091 5117 sibi
3129 5077 3234 5116 non
3256 5067 3465 5117 consta-

532 5148 625 5202 bat
657 5148 730 5214 Z.,
763 5151 827 5200 ut
860 5147 1013 5202 beuti
1047 5147 1164 5201 oica
1200 5148 1293 5202 31·
1327 5147 1406 5200 vel
1439 5145 1542 5200 ἰεΙιέ
1575 5145 1967 5202 (ἰοντωὶίσὴίαέν
2002 5149 2067 5200 32
2079 5147 2117 5196 ὓ.
