3717 5642
557 422 682 486 506
751 423 897 486 (498)
1101 421 1225 486 ΠΙ.
1273 423 1332 487 2.
1397 441 1602 488 vnum
1643 441 1822 488 narr.
1866 440 2097 486 norm
2138 441 2371 488 rmus.
2412 441 2501 487 m·
2543 441 2697 489 rur.
2742 441 2927 488 Pam,

556 629 860 694 conyroyu
891 605 1224 693 (congelo)
1268 607 1360 694 gl.
1387 605 1549 673 be.
1614 611 1690 670 m·
1727 630 1891 674 canu
1934 609 2095 690 (non
2142 609 2375 694 cano?)
2421 632 2611 677 carm.
2648 609 2765 678 Cb.
2855 609 3197 676 Praeterea
3238 632 3487 696 semper

557 708 694 774 AM
735 709 804 773 in
847 710 1182 774 cambricis
1225 709 1462 794 glossis
1506 710 1979 791 vetustioribus,
2024 721 2096 774 nt
2126 710 2634 778 oxoniensibus:
2670 704 2894 778 'ladam
2926 711 3186 797 (caedo)
3231 715 3310 776 7“.
3374 739 3487 778 an-

551 831 890 895 quoconoem
921 810 1179 896 (vigilo)
1208 812 1288 876 8⁸.
1353 832 1620 876 ramam
1665 810 1964 898 (partior)
1996 813 2075 878 4⁵.
2130 811 2427 878 lammam
2456 812 2680 900 (salio)
2710 815 2791 878 5¹².
2845 813 3191 877 didioulam
3220 813 3488 899 (glisco)

475 973 484 987 ,
557 911 637 978 2“’.
700 913 952 978 credam
995 911 1222 995 (vado)
1253 915 1334 977 6·.
1393 913 1624 976 elatam
1664 911 1905 996 (struo)
1934 915 2015 975 5⁵.
2070 923 2405 1001 temper-am
2449 914 2741 998 (condio)
2771 917 2853 979 4·.
2940 913 3251 980 Derivata
3290 937 3407 1002 per
3433 917 3486 979 i:

551 1017 808 1102 yruiam
852 1013 1030 1098 (suo)
1049 1065 1066 1095 ,
1113 1017 1438 1080 eumeniam
1479 1012 1742 1097 (innuo)
1756 1047 1772 1078 2
1817 1017 2138 1083 servitiam
2180 1015 2425 1101 (screo)
2470 1015 2551 1082 3⁵.
2625 1019 2866 1082 diniam
2910 1013 3205 1099 (tinnio),
3246 1015 3491 1101 quir-96-

555 1117 724 1179 riam
767 1113 1052 1200 (hinnio)
1097 1119 1178 1181 4⁵.
1263 1113 1574 1182 Derivata
1612 1136 1729 1200 per
1771 1139 1832 1194 a,
1876 1115 1961 1179 Ιια
2002 1115 2507 1183 denominativa:
2554 1118 2959 1183 emoilkaam
3002 1115 3359 1204 (auspicio)
3406 1117 3487 1181 6⁶.

558 1215 863 1280 lemhaam
906 1216 1166 1304 (arguo)
1211 1218 1288 1282 3¹³.
1347 1215 1700 1280 datolaham
1742 1213 1951 1300 (lego)
1996 1215 2075 1282 5⁶.
2126 1218 2594 1304 merqidhaham
2636 1215 3019 1302 (evanesco)
3062 1217 3142 1282 2⁶.
3236 1217 3485 1284 Eadem

556 1316 1000 1384 terminatione
1044 1320 1500 1405 doquoronmm
1528 1313 1902 1402 (profundo)
1948 1316 2033 1400 gl.
2062 1315 2245 1400 be.,
2302 1340 2497 1404 quare
2538 1343 2655 1406 pro
2700 1323 3013 1406 treorqtm
3056 1317 3374 1407 (perforo)
3402 1320 3487 1385 ib.

559 1415 728 1482 haud
772 1417 906 1484 scio
949 1441 1032 1484 an
1073 1418 1412 1504 legendnm
1452 1418 1539 1485 sit
1581 1428 1888 1503 trem-qam
1930 1417 2037 1484 vel
2079 1429 2431 1504 traco-qnam.

727 1517 1076 1586 Recentior
1116 1520 1316 1586 forma
1361 1543 1486 1598 -cw,
1532 1517 1710 1586 varie
1753 1518 1995 1606 scripta
2036 1517 2131 1605 (p.
2168 1518 2320 1602 112)
2361 1519 2431 1584 in
2460 1520 2683 1587 codice
2724 1521 2907 1606 nigro
2953 1519 3224 1603 Cael-m„
3268 1521 3339 1586 in
3382 1543 3489 1588 ce·

554 1619 710 1688 teris
767 1620 951 1688 libris
1011 1621 1129 1688 AF
1181 1632 1252 1687 ut
1301 1621 1524 1702 hodie,
1595 1641 1738 1686 cum
1791 1618 2052 1686 relicuis
2106 1619 2295 1686 huius
2352 1622 2657 1708 temporis
2719 1621 2941 1688 formis
2996 1623 3119 1688 etsi
3171 1622 3489 1688 interdum

561 1722 842 1788 servavit
881 1723 1241 1810 praesentis
1271 1721 1822 1808 significationem,
1868 1722 2235 1809 plerumque
2281 1734 2491 1788 tamen
2521 1725 2845 1810 significat
2870 1723 3143 1790 summm
3172 1749 3187 1790 ε
3234 1727 3489 1788 ”dunen

556 1844 628 1886 ae
665 1824 926 1909 quados
959 1825 1114 1912 (ego
1144 1824 1211 1889 id
1237 1823 1434 1909 nego)
1465 1823 1622 1908 Leg.
1655 1824 1714 1903 2,
1746 1825 1807 1905 6,
1841 1823 1900 1888 2.
1954 1846 2087 1888 me
2112 1824 2399 1908 mwykaf
2410 1827 2635 1909 ywreic
2663 1825 2907 1911 aqarafi
2942 1848 3050 1911 φο
3072 1827 3142 1888 Izi
3181 1826 3489 1909 (maxime

555 1923 726 1988 inter
758 1925 1062 1992 mulieres
1094 1950 1281 2014 quam
1314 1949 1453 1992 amo
1497 1925 1644 2012 ipsa
1673 1924 1800 2008 est)
1829 1923 2002 1991 Mab.
2040 1930 2094 2008 1,
2131 1927 2207 1990 17
2281 1927 2375 1988 mi
2414 1950 2486 1991 ae
2530 1925 2703 2008 Calas
2736 1926 2887 2012 (ego
2920 1927 3163 1994 solvam
3194 1927 3295 2012 id)
3324 1927 3485 2014 Leg.

559 2027 620 2102 2,
655 2028 712 2106 5,
746 2028 805 2091 4.
862 2030 1110 2094 minneu
1155 2028 1394 2112 abaras
1429 2028 1581 2114 (ego
1627 2025 1948 2112 efficiam),
1986 2026 2201 2112 paras
2226 2027 2383 2112 yrofl
2425 2053 2465 2093 a
2496 2029 2637 2093 duw
2682 2051 2744 2093 08
2768 2029 2985 2116 qallaf
3013 2029 3319 2115 ynllawen
3364 2029 3487 2112 (ef-

555 2127 785 2210 ficiam,
832 2151 948 2215 per
993 2131 1196 2211 deum,
1243 2131 1298 2197 si
1342 2137 1565 2217 potero
1608 2127 1911 2212 libenter)
1956 2127 2129 2194 Mab.
2167 2131 2220 2210 1,
2255 2132 2355 2196 20.
2387 2131 2529 2195 264.
2588 2133 2960 2216 navataaf
2988 2131 3188 2218 (qnod
3218 2155 3351 2197 non
3380 2154 3488 2198 ce-

555 2229 757 2315 nabo)
799 2233 857 2313 2,
897 2233 996 2298 59.
1083 2231 1315 2298 Forma
1341 2240 1692 2297 contracta:
1737 2235 1828 2294 mi
1868 2231 2278 2315 aekoennattaf
2311 2231 2460 2317 (ego
2492 2255 2631 2297 eam
2660 2233 2934 2314 mittam3
2980 2233 3090 2297 inf.
3120 2233 3488 2316 kennattau)

557 2319 791 2412 2,’218.
891 2333 950 2399 Ε
994 2333 1155 2401 libro
1206 2335 1391 2420 nigro
1438 2332 1687 2402 Caerm.
1733 2332 2149 2419 proponimus
2204 2333 2364 2422 haec
2408 2335 2729 2420 exempla:
2815 2335 3232 2420 atkuendiqaf
3262 2337 3338 2399 de
3390 2334 3493 2419 (et

559 2435 929 2502 benedicam
955 2435 1052 2522 te)
1083 2458 1270 2503 carm.
1310 2438 1401 2502 10.
1475 2437 1867 2512 arduireaue,
1912 2435 2303 2520 arduyreaue
2346 2435 2631 2520 (efferam
2662 2435 2812 2522 ego)
2855 2457 3044 2501 carm.
3084 2439 3177 2499 11.
3230 2436 3490 2500 molawe

557 2537 859 2622 (laudabo
903 2538 1060 2623 ego)
1100 2559 1289 2603 carm.
1331 2541 1429 2606 12.
1493 2540 1628 2606 mi
1665 2538 2111 2624 disqoqanave,
2150 2538 2284 2602 anni
2320 2538 2757 2625 dysqoyanase,
2802 2539 2935 2601 mni
2973 2538 3349 2626 discoqanwe
3392 2537 3491 2621 (et

558 2661 677 2726 ego
723 2641 1146 2728 vaticinabor)
1190 2664 1377 2709 carm.
1413 2642 1491 2706 17
1497 2692 1510 2705 .

731 2739 1005 2812 cornico
1049 2744 1199 2825 AF,
1257 2741 1430 2809 AFF
1486 2741 1834 2827 (interdum
1876 2765 1977 2822 -a,
2034 2740 2282 2808 abiecto
2311 2743 2387 2828 s,
2448 2763 2508 2827 p.
2554 2741 2707 2827 141)
2763 2743 3047 2814 eiusdem
3108 2763 3290 2806 usus:
3352 2764 3489 2826 pan

557 2843 761 2927 welaff
799 2865 889 2906 ow
930 2845 1074 2910 mab
1119 2847 1290 2928 (cum
1340 2845 1526 2912 video
1568 2843 1767 2908 filium
1810 2865 2049 2923 meum,
2110 2841 2288 2912 dolor
2330 2864 2429 2907 me
2471 2843 2796 2928 pervadit)
2838 2842 2910 2909 P.
2950 2846 3085 2923 166,
3116 2845 3176 2907 4.
3241 2853 3351 2908 tan
3394 2863 3489 2906 ow

540 2945 684 3028 J‘eth
727 2946 876 3030 ‘nytlz
917 2947 1137 3032 nahaff
1175 2947 1321 3033 (per
1362 2967 1569 3010 meam
1608 2944 1818 3024 fidem,
1864 2966 1993 3008 non
2023 2944 2274 3030 negabo
2302 2942 2396 3026 te)
2441 2944 2542 3025 49,
2574 2947 2635 3009 4.
2689 2967 2773 3029 ny
2798 2945 3128 3029 streckyaff
3154 2943 3285 3028 pell
3322 2943 3487 3027 (non

555 3045 818 3111 tardabo
861 3046 1004 3132 diu)
1071 3048 1208 3128 158,
1253 3048 1312 3112 3.
1385 3067 1514 3132 par
1565 3045 1664 3109 del
1702 3067 1838 3110 won
1882 3045 2164 3130 lauaraff
2198 3057 2306 3129 338
2351 3043 2454 3128 (ut
2496 3045 2660 3127 scio,
2708 3047 2921 3113 dicam
2963 3043 3111 3129 tibi)
3164 3047 3223 3126 8,
3262 3047 3315 3108 1.
3388 3065 3489 3108 me

555 3149 702 3232 nytk
749 3149 1107 3234 dampnyaf
1140 3148 1291 3234 (ego
1334 3169 1464 3212 non
1506 3147 1818 3212 damnabo
1860 3145 1957 3230 te)
2002 3147 2103 3227 34,
2136 3149 2195 3210 4.
2262 3168 2347 3230 ny
2391 3146 2541 3228 evas
2575 3146 2679 3232 bys
2720 3147 2862 3211 deth
2889 3148 3019 3232 Αήψι
3063 3145 3223 3229 (non
3266 3145 3487 3211 bibam

557 3270 760 3334 usque
811 3250 896 3314 ad
939 3249 1109 3315 diem
1165 3247 1544 3332 extremum)
1587 3246 1670 3312 D.
1717 3249 1859 3312 724.
1936 3247 2087 3332 nytla
2130 3248 2405 3331 tynakas
2453 3246 2612 3331 (non
2658 3247 2985 3332 denegabo
3026 3246 3153 3331 te),
3205 3267 3303 3310 me
3358 3269 3487 3332 nyn

557 3349 809 3434 naqhaj'
837 3350 988 3436 (ego
1038 3373 1167 3416 non
1197 3350 1445 3436 negabo
1493 3347 1666 3432 eum)
1694 3348 1776 3415 D.
1808 3350 1953 3414 907.
1986 3351 2129 3414 910.
2188 3371 2271 3432 ny
2297 3349 2509 3435 yafaf,
2552 3369 2635 3431 ny
2670 3347 2871 3432 yafaf
2902 3370 2997 3433 vy,
3038 3369 3141 3432 my
3182 3369 3265 3433 ny
3291 3347 3499 3433 yafaf

558 3448 716 3532 (non
765 3451 1041 3533 invenio,
1089 3474 1207 3537 ego
1250 3474 1312 3514 n.
1346 3449 1420 3534 i.)
1461 3449 1545 3514 D.
1577 3451 1764 3517 2157.
1797 3452 1983 3516 2167.
2014 3451 2202 3514 2214.
2258 3469 2353 3512 me
2394 3472 2478 3534 ny
2515 3449 2674 3535 yafa
2719 3447 2871 3532 (ego
2914 3470 3045 3513 non
3070 3447 3364 3530 invenio)
3408 3445 3485 3511 P.

562 3553 700 3632 117,
739 3555 797 3618 4.
877 3554 976 3617 del
1012 3557 1192 3639 yresh
1247 3550 1350 3634 (ut
1389 3548 1612 3634 credo)
1665 3549 1749 3615 D.
1794 3551 1938 3614 216.
2009 3550 2231 3636 thyvyk
2273 3550 2500 3616 laum-a
2559 3548 2735 3633 (dico
2778 3547 3028 3632 vobis),
3098 3549 3269 3633 thy-so
3316 3571 3403 3634 yy
3440 3571 3487 3632 y

557 3651 804 3722 lenam,
870 3653 1039 3738 thyeo
1082 3653 1313 3718 lauara
1354 3651 1500 3735 (tibi
1546 3648 1720 3734 dico)
1765 3649 1850 3715 D.
1907 3655 1956 3715 1.
2000 3652 2100 3716 59.
2155 3648 2234 3717 Ο.
2274 3653 2451 3715 1645.
2531 3649 2673 3736 byth
2716 3671 2797 3733 ny
2824 3647 2998 3731 falla
3052 3649 3488 3735 (nequaquam

560 3750 780 3836 deero)
835 3752 916 3818 D.
967 3755 1142 3820 1933.
1214 3774 1296 3838 ny
1337 3773 1548 3836 vymaa
1599 3749 1810 3836 (nolo)
1868 3751 1945 3817 Ο.
1983 3752 2165 3817 1330.
2240 3776 2323 3816 απ
2360 3751 2513 3836 pyth
2559 3749 2821 3836 lem-myn
2876 3776 2917 3813 a
2958 3749 3111 3816 wala
3166 3749 3265 3835 (id
3319 3749 3489 3836 qnod

557 3875 728 3919 nunc
771 3852 990 3940 video)
1037 3853 1115 3922 O.
1153 3853 1335 3920 1396.
1436 3849 1535 3918 Of.
1579 3873 1642 3936 p.
1675 3851 1816 3917 369.

727 3956 1098 4022 Aremorice
1126 3954 1264 4036 AF,
1295 3951 1467 4020 AFF
1499 3951 1704 4038 (Man.
1735 3955 1874 4031 -cin,
1900 3952 2066 4040 Lgn.
2096 3978 2272 4035 -arm,
2309 3953 2388 4020 cf.
2414 3976 2478 4039 p.
2508 3953 2681 4036 116),
2725 3959 2982 4016 servata
3008 3950 3074 4015 vi
3103 3951 3487 4037 praesentis,

559 4077 702 4121 cum
741 4056 1018 4123 futurum
1063 4056 1460 4142 significetur
1499 4052 1718 4120 formis
1760 4053 2149 4120 coniunctivi
2166 4105 2185 4135 ‚
2241 4063 2371 4122 tam
2414 4054 2483 4120 in
2522 4051 2713 4122 Buh.:
2774 4051 3129 4135 ouzonchuy
3166 4052 3395 4136 qoulen
3450 4075 3491 4114 α

555 4157 791 4242 menaff
834 4157 1049 4242 (vobis
1103 4156 1474 4244 praecipere
1528 4153 1706 4239 volo)
1771 4155 1871 4237 36,
1926 4159 2017 4220 17.
2091 4156 2208 4220 Imo-
2262 4177 2325 4219 ez
2376 4153 2904 4240 ymo-chementias
2947 4151 3093 4237 qffet
3147 4151 3244 4236 (et
3295 4151 3489 4217 iubeo

557 4255 899 4344 instanter)
955 4259 1098 4340 210,
1141 4260 1200 4323 4.
1271 4279 1416 4322 mar
1451 4255 1671 4342 qallaf
1709 4257 1861 4342 qlan
1920 4256 2010 4340 (si
2054 4263 2349 4343 possum)
2402 4257 2503 4337 50,
2542 4257 2643 4320 24.
2704 4253 2905 4339 quelet
2956 4273 3035 4316 ne
3082 4251 3301 4338 yallaf
3344 4263 3493 4336 quet

559 4355 807 4440 (videre
849 4382 980 4425 non
1023 4360 1316 4447 possum)
1367 4360 1504 4439 192,
1539 4361 1608 4439 7;
1670 4380 1856 4444 quam
1905 4358 1976 4422 in
2018 4355 2181 4422 MJ‚2
2242 4371 2423 4445 eyuyt
2474 4379 2559 4420 an
2602 4355 2730 4419 boet
2770 4375 2907 4417 nem
2948 4375 3041 4416 em
3082 4353 3263 4437 laetas
3294 4376 3418 4418 nac
3458 4375 3491 4416 e

562 4479 674 4542 nep
714 4482 866 4545 quys
921 4483 998 4524 ne
1039 4460 1377 4545 reybuieeaf
1406 4471 1599 4523 nemet
1633 4480 1768 4544 pan
1804 4459 2029 4544 yueIaf
2062 4461 2333 4544 quantas
2356 4481 2479 4544 pao
2517 4457 2666 4520 ,Iesu
2719 4453 2974 4539 (cenam
3016 4475 3146 4518 non
3192 4453 3489 4520 desidero

559 4579 680 4623 nec
725 4560 854 4626 ullo
881 4560 1071 4628 modo
1105 4561 1402 4644 delector,
1447 4561 1574 4625 nisi
1615 4581 1758 4626 cum
1787 4557 1977 4624 video
2021 4559 2290 4644 primum
2320 4560 2608 4648 pretinm,
2652 4555 2898 4641 Iesum)
2942 4558 3049 4620 6a.
3112 4579 3229 4621 nen
3258 4559 3503 4642 nachaf

560 4671 704 4744 quet
730 4660 890 4744 (non
919 4685 1090 4749 nego
1115 4662 1216 4748 id)
1261 4665 1378 4730 6b.
1443 4687 1486 4726 a
1509 4662 1736 4750 9άίρό
1759 4661 2087 4748 (possum)
2118 4664 2267 4728 290.
2355 4661 2681 4740 Interdum
2716 4681 2861 4726 cum
2891 4659 3359 4726 contractione:
3404 4685 3491 4724 un

559 4761 867 4848 chapelet.
895 4815 910 4829 .
936 4790 1020 4830 ,a
1059 4768 1173 4849 ros
1203 4766 1298 4828 dit
1342 4765 1672 4851 (corollam
1715 4763 1834 4829 tibi
1881 4763 1990 4844 do;
2049 4785 2115 4828 ez
2154 4765 2316 4848 roas
2344 4763 2478 4830 MJ.
2514 4765 2594 4828 56
2615 4784 2673 4828 a.
2742 4760 2917 4844 991³)
2972 4761 3109 4826 MJ.
3157 4764 3355 4828 180b.
3426 4785 3505 4827 e:

561 4864 708 4946 troff
747 4867 866 4930 daz
909 4868 1090 4952 cqffat
1141 4867 1386 4951 (vertor
1437 4867 1520 4932 ad
1561 4878 1624 4931 te
1668 4864 2233 4948 reminiscendum,
2216 4893 2232 4908 ·
2282 4887 2417 4951 pan
2472 4865 2689 4949 droaf,
2738 4885 2877 4930 cum
2924 4873 3291 4942 convertor,
3350 4863 3487 4930 MJ.

561 4967 756 5034 2031).
793 4968 1002 5053 2042.)
1044 4967 1518 5050 Βο1ι.198,15.
2729 4997 2748 5010 ·

733 5071 792 5134 2.
836 5090 1005 5156 pers.
1093 5069 1430 5137 Cambrice
1474 5070 1509 5136 I
1554 5070 1655 5154 (ut
1681 5069 1926 5156 hodie),
1971 5068 2027 5135 E
2072 5069 2167 5157 (p.
2198 5069 2311 5154 88)
2359 5067 2707 5155 scriptione
2749 5067 3115 5145 vetustiore,
3158 5064 3227 5130 Y
3268 5087 3495 5134 recen-

560 5169 756 5251 tiore,
815 5169 1110 5238 inficiens
1166 5197 1208 5240 a
1251 5171 1536 5240 vocalem
1597 5181 1662 5238 et
1717 5171 1959 5240 radicis
2016 5181 2080 5239 et
2136 5169 2593 5239 derivationis.
2657 5168 2909 5236 north-ia
2962 5167 3077 5255 (gl.
3122 5167 3495 5253 hortabere.)
