3717 5642
1248 411 1656 465 rnoomnmr
1695 411 2039 464 turrem.
2850 396 3123 467 XXXV

217 589 453 647 constat
493 581 764 648 editioni
805 581 970 664 libri,
1013 583 1082 648 in
1113 605 1231 652 suo
1271 584 1416 671 ipse
1449 585 1792 671 exemplari
1837 583 2182 666 adnotavit,
2228 581 2399 671 quod
2432 594 2503 649 ut
2532 584 2891 650 examinare
2934 595 3125 672 atque

215 701 500 757 excutere
539 691 734 759 nobis
775 692 1028 776 liceret,
1085 692 1539 760 humanissime
1578 694 1961 781 redemptori
2012 695 2265 780 roganti
2308 694 2635 761 concessit
2689 695 2789 760 vir
2830 695 3127 760 doctissi-

217 823 344 867 mus
397 800 738 868 Carolus
791 799 1039 867 Halm.
1141 801 1578 888 Quaecunque
1634 803 1828 890 igitur
1886 803 1991 870 vel
2048 805 2443 890 marginibus
2508 805 2681 870 illius
2746 804 3127 890 exemplaris

215 912 309 976 vel
345 911 518 978 foliis
561 911 824 978 insertis
865 910 1010 998 ipse
1052 909 1156 976 Io.
1203 910 1364 978 Cas
1381 935 1444 998 p.
1486 911 1736 978 Zeuss
1778 913 2124 995 mandavit,
2169 914 2421 980 tametsi
2462 914 2689 1001 impari
2736 915 2903 980 sicut
2944 923 3131 978 antea

218 1021 440 1102 studio,
485 1043 612 1108 quo
659 1041 973 1108 quamque
1013 1019 1300 1106 linguam
1339 1023 1446 1088 vel
1489 1021 1830 1102 dialectum
1872 1023 2199 1108 amplexus
2244 1033 2407 1106 erat,
2452 1024 2724 1110 plurima
2766 1024 3131 1089 observavit

217 1129 286 1193 de
325 1130 548 1216 lingua
587 1130 931 1211 hibernica,
975 1127 1056 1194 de
1099 1131 1420 1197 cambrica
1459 1130 1734 1196 dialecto
1775 1132 1973 1197 multo
2014 1133 2333 1218 pauciora,
2378 1133 2555 1198 nulla
2600 1133 2678 1198 de
2725 1136 2982 1200 cornica
3022 1144 3133 1200 aut

218 1239 575 1322 aremorica,
617 1263 836 1306 eorum
877 1240 1156 1304 omnium
1197 1261 1434 1325 genera
1475 1251 1626 1306 sunt
1667 1241 1812 1306 duo.
1878 1241 2045 1308 Nam
2088 1251 2197 1308 aut
2224 1243 2519 1328 exempla
2560 1265 2597 1308 e
2626 1243 2956 1310 codicibus
2997 1266 3129 1309 ma-

215 1350 552 1437 nuscriptis
595 1349 806 1416 attulit
843 1371 1042 1429 nova,
1097 1350 1346 1436 pridem
1387 1349 1582 1416 allata
1629 1351 1869 1416 rectius
1924 1351 2029 1418 vel
2088 1351 2343 1438 plenius
2384 1353 2747 1440 proposuit,
2806 1364 2915 1418 aut
2967 1375 3129 1440 quae

217 1473 624 1546 praeceperat
661 1460 806 1546 ipse
849 1459 928 1524 de
971 1458 1222 1544 legibus
1264 1459 1618 1545 linguarum
1661 1470 1728 1526 et
1768 1460 2081 1547 analogia,
2128 1462 2405 1527 correxit
2446 1471 2635 1549 atque
2680 1462 2873 1528 auxit.

368 1570 604 1637 Aede
645 1569 776 1634 illis
822 1566 1094 1655 quidem,
1141 1569 1438 1655 quoniam
1481 1569 1769 1651 lectoreS,
1815 1591 1979 1656 quae
2024 1594 2107 1636 ex
2144 1571 2351 1657 ipsius
2397 1573 2763 1658 exemplari,
2808 1595 2971 1658 quae
3016 1572 3131 1638 ali-

221 1678 374 1744 unde
419 1679 982 1766 assumpserimus,
1025 1678 1204 1744 dubii
1247 1700 1394 1744 esse
1435 1679 1548 1745 vix
1589 1689 1907 1764 poterunt,
1953 1679 2161 1746 fusius
2204 1681 2527 1768 disputare
2557 1681 2925 1764 omittimus3
2974 1682 3132 1748 satis

221 1785 588 1855 habebimus
634 1789 882 1854 duobus
923 1787 1030 1854 vel
1067 1787 1272 1854 tribus
1316 1789 1627 1876 exemplis
1669 1790 2165 1872 demonstrasse,
2211 1789 2364 1876 quid
2393 1789 2735 1856 adiumenti
2780 1791 2999 1858 eadem
3040 1803 3135 1858 at·-

217 1897 470 1963 tulerint
512 1897 598 1962 ad
639 1899 994 1964 doctrinam
1035 1899 1514 1984 grammaticam
1557 1907 1625 1964 et
1663 1899 1953 1964 notitiam
1998 1899 2285 1986 linguae,
2328 1899 2705 1986 praesertim
2747 1899 3133 1968 hibernicae.

217 2005 300 2072 Ut
339 2030 376 2072 e
421 2007 765 2090 sententia,
811 2029 1004 2094 quam
1047 2009 1350 2094 apposuit
1389 2009 1471 2074 ad
1499 2031 1564 2093 p.
1593 2009 1720 2074 433
1765 2009 1895 2092 (ed.
1918 2008 2034 2093 l.):
2079 2009 2361 2074 imra'dat
2398 2007 2623 2074 {mv-dli
2660 2009 2767 2074 oid
2788 2012 2986 2076 maim
3032 2035 3133 2076 αε-

219 2118 378 2182 denti
425 2130 486 2182 et
539 2121 730 2182 ner-tit
779 2119 1048 2184 adinum
1087 2119 1433 2182 inmaidsin
1485 2131 1800 2184 conuenerit
1851 2119 1939 2184 im
1980 2119 2246 2205 inquiim
2288 2118 2459 2182 nolcc
2510 2130 2567 2183 et
2608 2122 2973 2206 aranqaire't
3016 2121 3134 2208 (gl.

214 2226 334 2312 ipsi
389 2226 522 2296 sibi
562 2236 718 2294 sunt
766 2227 872 2294 lex
901 2275 918 2294 .
949 2277 966 2293 .
997 2277 1014 2294 .
1059 2229 1226 2293 inter
1281 2249 1353 2294 se
1403 2227 1680 2294 invicem
1723 2228 2219 2314 cogitationibus
2264 2228 2719 2294 accusantibus
2778 2242 2889 2296 aut
2942 2231 3133 2297 etiam

219 2337 724 2420 defendentibus,
767 2337 950 2404 Rom.
981 2339 1042 2418 2,
1075 2341 1190 2418 153
1241 2338 1284 2402 i.
1317 2361 1371 2402 e.
1417 2338 1704 2422 cogitant
1745 2337 2187 2425 cogitationes,
2232 2337 2389 2422 quid
2432 2337 2583 2404 boni
2628 2339 2714 2404 sit
2753 2339 3132 2424 faciendum,

169 2533 178 2543 ι
215 2457 278 2512 et
315 2450 699 2514 confirmant
749 2447 892 2513 eius
935 2445 1303 2528 factionem,
1358 2447 1514 2513 boni
1565 2447 1739 2512 illius
1757 2497 1774 2529 ,
1831 2447 2257 2514 condemnant
2310 2457 2525 2514 autem
2578 2470 2741 2534 opus
2784 2450 3015 2518 malum
3074 2463 3142 2516 et⁴

213 2556 604 2624 interdicunt
627 2557 728 2643 id)
771 2557 921 2626 Wb.
959 2561 1034 2639 1⁶,
1079 2557 1482 2643 apertissime
1525 2565 1704 2643 patet
1746 2557 2093 2622 discrimen
2134 2556 2481 2644 duplicium
2508 2557 2755 2624 illarum
2784 2559 3139 2641 formarum,

218 2689 373 2752 quae
417 2669 811 2757 singularem
851 2669 920 2736 in
964 2668 1242 2735 flexione
1289 2667 1466 2734 verbi
1511 2667 1911 2736 constituunt
1952 2665 2405 2753 proprietatem
2447 2666 2705 2754 linguae
2748 2667 3137 2752 hibernicae,

211 2769 290 2842 iis
342 2779 510 2866 ipsis
569 2779 820 2864 legibus
875 2799 1130 2865 parere,
1187 2793 1346 2863 quas
1392 2797 1454 2861 p.
1501 2777 1628 2842 425
1672 2797 1812 2864 sqq.
1867 2777 2145 2845 breviter
2188 2777 2629 2864 exposuimus3
2662 2788 2837 2870 ‘sunt
2888 2781 3055 2846 enim
3102 2803 3137 2848 e

213 2897 524 2970 quattuor,
572 2909 738 2973 quae
777 2889 848 2952 in
885 2887 988 2954 his
1033 2886 1454 2967 continentur,
1501 2885 1808 2972 exemplis
1851 2887 2079 2954 tertiae
2122 2907 2435 2972 personae
2465 2887 2731 2973 pluralis
2760 2889 3137 2956 subiunctae

211 2994 450 3066 formae
493 2997 648 3062 tria:
703 2999 979 3084 ανρωίνεε
1020 2987 1492 3080 (interdicunt),
1536 3007 1850 3062 connotant
1891 2987 2399 3080 (con‘demnant),
2442 2999 2723 3064 imrddat
2766 2998 3133 3087 (cogitant),

212 3105 496 3187 profecta
535 3130 582 3173 a
606 3107 822 3174 verbis
850 3108 1042 3174 trium
1073 3106 1376 3176 serierum
1405 3104 1796 3191 compositis,
1843 3125 2036 3171 unum
2066 3106 2424 3175 absolutae:
2468 3111 2655 3172 nertz't
2682 3108 3137 3196 (confirmant),

211 3237 250 3280 a
287 3216 578 3304 simplici
617 3217 814 3284 verbo
857 3217 1049 3285 seriei
1077 3215 1332 3303 primae.
1405 3213 1544 3281 Nec
1571 3213 1758 3280 aliter
1785 3215 2097 3300 exemplis
2142 3216 2521 3302 quibusdam
2560 3217 2795 3284 formae
2823 3243 2927 3302 na,
2972 3243 3139 3308 quae

209 3328 288 3392 ad
329 3352 396 3415 p.
425 3329 556 3394 235
611 3327 742 3412 (ed.
783 3327 872 3412 Ι.)
911 3325 1247 3415 proposuit
1287 3325 1386 3392 vir
1427 3324 1838 3392 doctissimus
1854 3373 1875 3407 ‚
1936 3347 2319 3412 quamquam
2374 3326 2533 3392 miro
2587 3350 2797 3394 errore
2838 3329 3139 3398 inductus

211 3439 464 3506 articuli
507 3437 776 3504 formam
817 3436 1076 3524 generis
1117 3434 1326 3502 neutri
1355 3457 1442 3500 cm
1479 3433 1642 3500 miro
1683 3433 1875 3505 modo
1918 3443 2227 3502 mutatam·
2262 3436 2332 3503 in
2362 3435 2445 3502 iis
2485 3437 2703 3504 inesse
2744 3439 2961 3522 voluit,
3008 3443 3141 3508 001..

211 3549 360 3617 latis
403 3571 552 3616 cum
600 3547 871 3614 formula
911 3544 1332 3634 pronominali
1373 3567 1461 3608 na
1502 3544 1624 3609 aiu
1663 3542 1869 3627 (aliud
1910 3544 2127 3631 quid),
2172 3567 2363 3631 quam
2404 3545 2516 3612 ille
2557 3547 2713 3612 olim
2756 3549 2983 3635 plurali
3026 3553 3140 3618 tri-

211 3659 430 3726 butam
478 3668 712 3746 postea
747 3657 988 3724 reiecta
1027 3653 1550 3742 interpretatione
1607 3653 1820 3740 priore
1861 3653 2085 3722 eodem
2136 3653 2266 3721 huc
2316 3655 2645 3722 rettulerat
2692 3678 2755 3743 p.
2789 3661 2911 3724 364
2925 3712 2943 3743 ,
3000 3685 3139 3730 eam

209 3768 398 3838 huius
441 3767 752 3834 formulae
783 3765 1272 3854 explicationem
1301 3762 1634 3830 enucleare
1663 3763 2006 3849 potuimus,
2050 3785 2243 3850 quam
2271 3785 2463 3830 unam
2505 3787 2651 3834 esse
2681 3790 2895 3834 veram
2924 3783 3143 3838 osten-

213 3877 301 3944 dit
343 3875 678 3963 analogia,
733 3884 804 3940 ut
853 3899 940 3940 na
983 3875 1070 3942 sit
1108 3873 1268 3940 nael.
1307 3871 1704 3959 pronominis
1744 3870 1949 3938 forma
1986 3894 2153 3938 nom.
2200 3893 2333 3940 acc.
2396 3873 2738 3960 singularis
2792 3877 2863 3944 in
2903 3901 3141 3965 genere

213 3998 438 4055 neutro
459 3985 596 4070 (ed.
607 3984 698 4052 H.
727 4007 834 4072 pp.
862 3983 1194 4069 358.362).
1253 3981 1420 4048 Item
1449 3981 1826 4048 sententiam
1856 3981 1955 4048 ed.
1979 3981 2033 4046 Ι.
2064 4005 2127 4068 p.
2154 3985 2272 4048 441
2308 3983 2647 4071 prolatam:
2680 3987 2825 4050 laore
2850 3987 3139 4072 damelat,

211 4095 274 4162 in
303 4120 438 4184 qua
484 4095 722 4162 dudum
763 4095 992 4178 (Beiu.
1022 4093 1100 4160 V.
1131 4092 1248 4177 45)
1291 4091 1775 4177 suspicabamur
1815 4091 2033 4158 inesse
2079 4092 2320 4175 vitium,
2364 4093 2495 4158 iam
2534 4094 2603 4158 in
2630 4092 2985 4180 pleniorem
3008 4097 3139 4164 for-

217 4229 378 4272 mam
436 4227 708 4290 eamque
751 4202 1200 4270 correctiorem
1251 4203 1588 4268 restituere
1627 4200 1818 4266 nobis
1858 4199 2043 4266 licuit
2099 4202 2227 4286 (ed.
2260 4201 2349 4268 II.
2392 4225 2499 4290 pp.
2540 4204 2685 4270 332.
2718 4205 2876 4290 432)
2920 4229 2957 4274 e
2997 4209 3139 4274 loco

218 4317 468 4404 integro
518 4313 814 4402 apposito
859 4313 942 4379 ad
985 4335 1048 4399 p.
1078 4313 1204 4378 453
1247 4309 1378 4395 (ed.
1411 4307 1521 4394 l.):
1563 4309 1853 4374 iecumme
1897 4311 2040 4376 doib
2084 4309 2189 4375 bid
2227 4313 2420 4376 idalte
2462 4313 2736 4380 domeltis
2776 4317 2921 4380 hore
2958 4321 3033 4384 ω’
3057 4321 3148 4382 tri

215 4427 434 4490 envas-ti
471 4427 694 4490 nio-thee
721 4423 994 4490 damelat
1037 4420 1170 4506 (est
1210 4419 1376 4484 idem
1418 4417 1502 4484 iis
1545 4419 1682 4484 acsi
1723 4418 2147 4506 idolothytum
2190 4422 2469 4504 ederent,
2516 4424 2669 4509 quia
2706 4447 2853 4496 non,
2879 4449 2995 4512 per
3034 4429 3141 4492 fir-

217 4535 504 4604 mitatem
545 4533 698 4600 fidei
745 4555 825 4598 ea
867 4531 1091 4617 edunt)
1149 4529 1296 4596 Wb.
1347 4531 1472 4612 10⁶3
1531 4529 1698 4614 quod
1755 4528 2115 4615 exemplum
2172 4551 2315 4596 cum
2366 4533 2593 4620 paucis
2650 4534 2733 4600 ad
2787 4558 2849 4621 p.
2893 4539 3017 4603 885
3060 4540 3141 4604 ab

217 4657 474 4713 auctore
521 4643 760 4710 additis
800 4643 1078 4730 pertinet
1119 4641 1200 4706 ad
1243 4662 1338 4720 ea,
1383 4661 1548 4726 quae
1591 4637 1740 4704 olim
1784 4638 2013 4724 (Beitr.
2045 4639 2121 4705 V.
2154 4643 2238 4708 44
2242 4653 2267 4720 )
2313 4642 2775 4729 disputavimus
2822 4646 2903 4712 de
2946 4648 3139 4716 omis-

219 4756 394 4823 sione
437 4754 696 4821 relativi
737 4753 1044 4838 legitima.
1127 4750 1426 4836 Denique
1468 4748 1668 4814 multa
1693 4743 2027 4815 'eiusmodi
2068 4751 2501 4836 inveniuntur,
2552 4755 2780 4840 quibus
2826 4767 2937 4823 aut
2978 4780 3143 4844 quae

217 4889 328 4934 uos
370 4867 488 4934 vel
531 4865 642 4932 alii
687 4863 1058 4930 coniectura
1095 4859 1374 4928 assecuti
1417 4881 1686 4940 eramus,
1731 4860 2083 4945 probantur
2136 4884 2213 4928 ac
2255 4864 2729 4947 confirmantur,
2786 4877 2895 4932 aut
2948 4871 3142 4935 corri-

221 4989 452 5062 guntur
495 4995 750 5042 errores
791 4983 1042 5040 veteres
1089 4971 1191 5037 vel
1233 4970 1420 5052 novi,
1477 4979 1588 5035 aut
1637 4969 1792 5036 novi
1843 4971 2174 5059 quippiam
2216 4975 2467 5040 accedit
2516 4974 2599 5039 ad
2652 4976 2985 5044 scientiam
3028 5003 3143 5046 no-

227 5097 444 5153 sham.
531 5085 630 5152 Ut
674 5084 904 5172 quibus
951 5081 1264 5169 exemplis
1308 5079 1590 5167 aspersis
1635 5080 1716 5145 ad
1758 5103 1822 5167 p.
1853 5083 1979 5148 683
2022 5083 2365 5150 illustravit
2406 5093 2471 5150 et
2513 5085 2921 5172 scriptionem
2967 5092 3142 5157 codi-

225 5217 382 5280 cum,
437 5195 564 5264 Wb
627 5195 920 5284 inprimis
967 5218 1042 5260 ac
1086 5191 1218 5278 Sg.,
1265 5200 1331 5256 et
1373 5213 1554 5256 usum
1597 5189 1931 5256 formarum
1962 5216 2047 5275 co,
2080 5217 2209 5276 con,
2240 5217 2398 5276 com;
2444 5217 2607 5280 quae
2650 5195 2756 5262 hic
2796 5202 3143 5286 repetimus
