3717 5642
725 358 804 426 V.
853 363 908 426 1.
971 378 1340 428 maruno
1381 377 1674 426 eanum
1711 377 1798 424 ιη·
1841 376 2209 426 nmmum
2252 375 2581 424 rasurum.
2652 363 2789 422 (773.
2824 361 2943 422 774)
3018 361 3141 426 807

253 569 378 610 cum
418 545 682 612 dubitari
725 556 1020 630 nequeat,
1067 546 1216 631 quin
1267 545 1441 612 Galli
1486 545 1746 612 nomina
1787 569 1914 610 non
1948 545 2147 610 solum
2195 547 2593 632 oppidorum,
2642 548 2755 614 sed
2800 547 2987 612 etiam
3034 545 3142 611 sil-

253 671 442 710 varum
487 651 549 712 in
579 671 886 732 personas
915 649 1180 714 deorum
1213 649 1312 714 vel
1344 649 1596 715 dearum
1641 649 2009 731 praesidum
2038 649 2559 727 transformatum,
2606 651 2670 715 id
2703 650 2871 734 quod
2914 649 3147 712 docent

251 750 672 834 inscriptiones
715 751 846 816 illis
892 771 1140 816 sacrae:
1201 749 1322 814 deo
1368 749 1690 814 Nemauso
1737 748 1933 814 Orell.
1981 751 2165 814 2032.
2212 751 2409 831 2033,
2456 751 2749 816 Luxovio
2780 752 2973 828 2024,
3018 750 3146 816 Ve-

247 852 396 914 sonti
439 853 616 932 2064,
665 851 922 936 Vosego
969 853 1162 931 2072;
1209 851 1364 916 deae
1395 850 1676 916 Bibracti
1709 850 1907 916 Orell.
1948 853 2125 933 1973,
2172 851 2431 918 Celeiae
2469 853 2645 934 1982,
2694 854 2925 918 Noreie
2958 853 3143 918 2034.

249 953 413 1031 2035,
453 953 784 1018 Ardoinne
819 953 1002 1032 1960,
1047 953 1363 1018 Abnobae
1403 953 1578 1018 1986.

396 1053 540 1117 Alia
581 1053 890 1137 quaedam
945 1076 980 1118 e
1025 1053 1260 1118 chartis
1305 1052 1409 1117 vel
1454 1052 1633 1117 libris
1679 1051 1869 1116 medii
1916 1055 2088 1134 aevi,
2135 1054 2509 1139 praebentia
2550 1056 2703 1118 -ίᾶσε
2774 1054 2929 1119 villa
2971 1053 3144 1118 Mar-

245 1153 590 1220 tiniacensis
637 1152 1022 1239 (Mai-tigny,
1081 1175 1276 1240 prope
1326 1151 1591 1218 Turon.:
1643 1147 1732 1216 ‘in
1779 1176 1907 1238 qua
1950 1154 2203 1221 celebre
2245 1155 2560 1220 ferebatur
2604 1155 2859 1240 saepius
2918 1177 3140 1220 orasse
3222 1209 3229 1216 .

245 1245 614 1339 Martinum')
663 1253 858 1341 Greg.
907 1255 1055 1320 Tur.
1103 1255 1182 1320 de
1225 1254 1309 1338 gl.
1355 1255 1519 1320 conf.
1567 1277 1622 1320 c.
1655 1255 1712 1320 8.
1754 1249 2108 1322 ‘Prisciaco
2152 1255 2218 1320 in
2264 1278 2426 1340 pago
2460 1253 2945 1321 Camiliacense.
2992 1255 3145 1320 villa

239 1354 593 1422 Lubariaco.
663 1356 1013 1424 Camiliaco
1057 1355 1202 1422 vico
1247 1346 1521 1440 publico'
1571 1355 1889 1438 (Priscae,
1934 1357 2245 1433 Latmus,
2295 1354 2631 1439 Camulus)
2676 1355 2873 1420 chart.
2918 1379 2973 1420 a.
3008 1357 3133 1419 690

239 1479 330 1541 ap.
355 1456 593 1523 Mabill.
643 1457 798 1544 dipl.
845 1482 904 1544 p.
936 1460 1080 1522 472.
1124 1449 1216 1521 ‘in
1247 1456 1390 1522 loca
1416 1458 1848 1542 nuncupantis
1884 1457 2363 1523 Childriciacaa
2408 1457 2537 1520 iam
2583 1456 2751 1522 dicta
2793 1457 2937 1522 loca
2966 1454 3140 1520 Chil-

240 1549 548 1642 driciagas'
609 1557 1080 1643 (Childericus)
1147 1558 1327 1624 chart
1401 1582 1455 1623 a.
1502 1559 1655 1638 709,
1724 1558 1969 1624 Mabill.
2026 1581 2084 1643 p.
2128 1559 2269 1621 482.
2348 1556 2685 1637 Flavia00‚
2751 1555 2803 1620 F
2810 1556 3137 1631 estiniaco‚

239 1659 575 1738 Aureliaco,
621 1659 1035 1726 Pauliniacus
1079 1660 1148 1724 in
1189 1658 1386 1724 chart.
1440 1683 1492 1725 a.
1527 1659 1669 1727 832.
1715 1661 1856 1724 884.
1903 1661 2027 1724 960
2067 1681 2169 1744 ap.
2202 1657 2447 1724 Mabill.
2496 1680 2600 1742 pp.
2645 1659 2789 1722 520.
2823 1658 2964 1722 550.
2998 1658 3141 1720 572.

239 1759 648 1846 propiciacus,
695 1761 1156 1847 Pompeianae.
1201 1761 1266 1828 in
1315 1763 1456 1826 vico
1499 1762 1858 1826 Brenniaco
1905 1763 2051 1824 Act.
2098 1758 2215 1826 SS.
2260 1758 2503 1824 Mabill.
2554 1779 2719 1824 saec.
2764 1763 2815 1838 1,
2860 1781 2967 1844 pp.
2996 1759 3141 1820 679.

238 1861 362 1925 680.
429 1860 840 1928 Sedatiacum
885 1864 1082 1947 (nom.
1129 1885 1382 1949 person.
1432 1861 1748 1939 Sedatius,
1799 1860 2081 1940 Sedatia‚
2128 1883 2190 1946 p.
2227 1859 2403 1941 797),
2449 1859 2965 1936 Germaniacum‚
3012 1856 3143 1944 Ep-

241 1964 542 2046 poniacus,
590 1962 932 2030 Pauliacus
977 1975 1098 2030 etc.
1149 1966 1218 2030 in
1261 1967 1408 2030 Act.
1457 1961 1574 2032 SS.
1620 1963 1783 2026 Bou.
1831 1961 1951 2026 Iul.
1990 1966 2042 2042 1,
2083 1965 2217 2026 112.
2266 1965 2325 2040 6,
2360 1963 2501 2026 599.
2550 1964 2605 2042 7,
2642 1964 2764 2026 256
2801 1983 2895 2046 sq.
2937 1953 3143 2026 'locus

237 2064 334 2148 qui
373 2089 410 2128 a
451 2065 750 2132 Corbone
791 2066 928 2131 viro
973 2066 1212 2150 inclyto
1260 2063 1696 2130 Corboniacus
1743 2057 1988 2128 dicitur’
2039 2066 2185 2130 Act.
2230 2062 2476 2128 Mabill.
2510 2085 2675 2128 saec.
2709 2066 2767 2126 4.
2802 2067 2859 2142 2,
2896 2065 3035 2128 241.

387 2166 742 2252 Regionum
794 2169 1055 2232 nomina
1107 2167 1392 2232 eiusdem
1450 2166 1865 2230 derivationis
1920 2165 2086 2229 inter
2142 2175 2393 2230 vetusta
2446 2188 2575 2229 non
2620 2175 2873 2244 extant3
2930 2175 3144 2230 tamen

237 2269 484 2334 eundem
533 2268 598 2332 in
629 2269 730 2334 his
765 2293 944 2336 usum
975 2269 1265 2335 celticum
1311 2270 1686 2354 comprobat
1715 2267 2099 2332 cambi-icum
2130 2289 2359 2331 nomen
2390 2267 2672 2350 regionis
2708 2267 3142 2346 liv-echem'auc,

247 2371 360 2452 regi
456 2361 792 2436 Brachani'
839 2371 982 2436 Lib.
1024 2371 1226 2436 Land.
1275 2370 1370 2456 (p.
1401 2371 1550 2450 83),
1614 2369 1692 2434 de
1749 2389 1877 2451 qua
1920 2365 2357 2434 Cottoniensis
2416 2390 2667 2452 quoque
2712 2369 2916 2434 codex
2954 2369 3148 2434 refert

237 2472 358 2556 (qui
403 2472 689 2536 continet
729 2471 1002 2556 Vocab.)
1047 2497 1107 2558 p.
1157 2473 1282 2536 10⁵:
1345 2472 1762 2534 Breclaeniauc
1809 2469 2080 2552 primum
2138 2493 2176 2534 a
2215 2469 2547 2534 Brachano
2592 2493 2826 2536 nomen
2868 2471 3135 2555 accepit.

239 2573 519 2659 Idemque
579 2585 728 2659 post
783 2574 908 2638 alia
949 2575 1120 2642 dicta
1163 2575 1242 2638 de
1287 2573 1408 2639 hoc
1451 2574 1618 2638 viro:
1679 2570 2081 2655 sepulchrum
2124 2571 2417 2636 Brachan
2464 2581 2563 2636 est
2620 2573 2692 2636 in·
2728 2572 2938 2637 insula
2980 2595 3141 2656 quae

237 2687 476 2740 vocatur
521 2675 944 2759 caym-achan
989 2698 1149 2760 quae
1182 2685 1282 2740 est
1323 2675 1502 2740 iuxta
1530 2674 1875 2740 Manniam.
1961 2672 2149 2738 Patet
2194 2675 2379 2737 etiam
2427 2695 2507 2737 ex
2538 2673 2659 2738 hoc
2688 2673 2945 2738 nomine
2976 2697 3141 2738 cam-

239 2777 395 2840 brico
437 2778 554 2842 viri
599 2791 834 2842 nomen
867 2776 1238 2860 ‘subiacenffi
1285 2777 1596 2861 simulque
1639 2774 1909 2840 formula
1952 2776 2059 2836 ·‹1⁴c
2102 2775 2205 2838 vel
2234 2777 2383 2852 -ia'c,
2432 2775 2653 2839 eadem
2698 2797 2860 2860 quae
2905 2777 3138 2840 cambr.

232 2901 390 2954 -auc‚
444 2880 646 2958 -ἰακσ,
709 2877 837 2944 hib.
883 2879 1060 2957 -αοΙι,
1118 2877 1403 2942 efficiens
1459 2877 1798 2964 praecipue
1853 2874 2311 2940 derivationem
2354 2876 2807 2942 adiectivorum
2853 2877 2990 2962 (pp.
3043 2883 3135 2942 16.

233 2981 322 3042 71.
353 2979 476 3062 94).

383 3080 441 3163 c)
483 3079 825 3146 Geminata
868 3077 922 3146 C
968 3080 1034 3144 in
1077 3079 1440 3145 nominibus
1485 3077 1754 3163 gallicie.
1843 3077 2091 3144 ACC-:
2133 3069 2226 3140 ‘in
2270 3069 2631 3146 Mamaccis'
2680 3078 2749 3142 in
2792 3077 2989 3143 chart.
3038 3105 3137 3164 ap.

231 3179 454 3246 Mabill.
489 3181 642 3266 dipl.
689 3205 750 3267 p.
779 3183 928 3246 404.
1023 3180 1224 3248 lCO-:
1276 3179 1550 3248 Senicco
1603 3181 1794 3246 lnscr.
1841 3181 2073 3244 Mutat.
2114 3181 2292 3259 1402,
2327 3183 2383 3244 5.
2444 3180 2765 3246 Mariccus
2810 3175 2909 3265 (‘e
2954 3182 3139 3266 plebe

233 3275 559 3366 Boiorum‘)
605 3281 757 3348 Tac.
803 3281 978 3347 Hiet.
1026 3283 1082 3359 2,
1118 3285 1216 3346 61.
1285 3281 1568 3348 Maricca
1613 3280 1794 3346 Grut.
1829 3281 1973 3358 879,
2013 3283 2107 3344 10.
2168 3280 2531 3346 Litaviccus
2566 3280 2751 3346 Gaea.
2813 3282 3141 3348 Boudicca

231 3380 364 3446 Tac.
425 3383 769 3448 Bodiccius
829 3383 1036 3468 (iuxta
1077 3383 1436 3463 Litavicus,
1491 3383 1778 3447 Bodicus
1824 3407 1885 3467 p.
1928 3381 2093 3464 171).
2185 3380 2427 3448 HOC-2
2486 3383 2767 3464 Abucci,
2812 3385 3140 3450 Abucciae

243 3480 420 3548 lnscr.
465 3483 698 3550 Mutat.
740 3488 922 3564 1515,
957 3491 1012 3546 2.
1083 3483 1422 3548 Sunducca
1461 3482 1692 3550 Mutat.
1733 3483 1913 3562 1402,
1948 3485 2004 3544 ἶ).

381 3586 450 3668 d)
505 3583 812 3652 Conexae
853 3584 908 3652 C
954 3585 1301 3650 derivantis
1345 3583 1804 3670 frequentiores
1849 3583 2156 3648 formulae
2205 3594 2353 3648 sunt
2392 3583 2453 3648 N
2457 3581 2531 3662 C,
2578 3581 2706 3663 SG,
2751 3584 2965 3650 minus
3009 3587 3132 3652 fre-

229 3695 478 3767 quentes
521 3685 662 3768 RC,
704 3685 818 3754 LO
865 3687 932 3751 in
972 3685 1338 3750 nominibus
1381 3686 1668 3750 vetustis.

375 3786 618 3852 ANC-:
695 3789 1134 3866 Καρούαχκας
1177 3784 1390 3868 (mons
1435 3785 1700 3870 Alpium
1747 3785 2068 3864 oriental.,
2126 3805 2311 3848 mons
2369 3782 2723 3852 Cirnencus
2769 3787 2835 3850 in
2882 3787 3135 3865 chartiS,

229 3885 427 3955 luvav.
471 3911 580 3973 pp.
629 3891 772 3954 201.
815 3889 956 3952 204.
1001 3888 1142 3950 236.
1187 3886 1341 3968 243)
1390 3885 1554 3951 Ptol.
1624 3887 1917 3952 Caranco
1966 3885 2149 3968 (loc.)
2206 3885 2497 3951 Martene
2542 3892 2597 3965 2,
2648 3891 2745 3952 23.
2808 3890 3139 3974 praedium

227 3984 584 4052 Mai-ancum
625 3989 790 4054 Boll.
839 3986 1012 4072 Sept.
1055 3991 1104 4065 l,
1140 3989 1277 4049 701.
1332 3981 1422 4050 ‘in
1479 3987 1738 4052 fluviolo
1785 3979 2141 4050 Brivancia'
2191 3984 2410 4050 Baluz.
2448 3991 2502 4065 2,
2542 3989 2727 4052 1516.
2826 3987 2891 4052 ln
2924 4011 3137 4055 cumu-

231 4085 343 4151 lata
385 4088 812 4156 derivatione:
873 4089 1044 4174 apud
1087 4087 1554 4153 Belsonancum
1603 4088 1814 4152 villam
1874 4088 2067 4172 (quae
2114 4088 2177 4148 in
2226 4087 2429 4152 medio
2471 4082 2983 4155 ‘Ardoenneneis
3030 4092 3136 4156 sil-

225 4209 328 4252 vae
371 4190 494 4254 sita
537 4181 688 4272 est’)
745 4187 941 4274 Greg.
985 4188 1132 4254 Tur.
1177 4189 1236 4268 8,
1274 4190 1372 4252 21.
1459 4186 1670 4254 ENC-
1717 4189 2039 4254 alternans
2083 4209 2223 4251 cum
2270 4189 2581 4272 proxima:
2636 4185 2723 4254 ‘in
2772 4213 2939 4277 pago
2986 4215 3137 4256 uua-

231 4284 566 4372 pencenae'‚
607 4289 802 4356 chart.
837 4289 984 4354 circ.
1018 4312 1074 4354 a.
1107 4290 1250 4368 805,
1297 4312 1395 4374 ap.
1429 4289 1671 4354 Mabill.
1707 4313 1764 4373 p.
1799 4293 1943 4354 508.
1994 4287 2389 4366 Donencum‚
2426 4288 2786 4354 Donincum
2820 4289 3135 4376 (Picard.)

233 4389 420 4456 vales,
507 4389 722 4456 INC-:
771 4391 988 4456 arinca
1018 4381 1422 4474 (Galliarum
1457 4389 1750 4474 propria,
1793 4390 2091 4455 frumenti
2121 4389 2357 4476 genus)
2406 4389 2565 4454 Plin.
2608 4390 2702 4472 18,
2736 4392 2793 4456 8.
2850 4392 3135 4475 Agedin-

228 4513 346 4556 cum
381 4491 564 4559 Caes,
637 4491 930 4576 Reginca
973 4489 1174 4574 (Gall.
1208 4491 1392 4574 occ.),
1440 4489 1813 4556 Lemincum
1845 4491 2259 4574 (Allobrog.),
2312 4489 2659 4576 Vapincum
2692 4491 2873 4578 (AJp.
2908 4492 3135 4570 marit.)

227 4589 359 4656 Tab.
391 4592 466 4659 P.
511 4589 724 4657 'vicus
769 4591 873 4658 cui
915 4615 1145 4658 nomen
1179 4585 1476 4658 Bovinca'
1527 4592 1690 4658 Boll.
1739 4592 1891 4656 Mai.
1928 4594 1985 4672 2,
2020 4595 2159 4655 654.
2215 4592 2730 4676 Bodincomagus
2765 4592 2929 4675 (ltal.
2964 4594 3136 4678 sup.)

227 4690 368 4758 Plin.
425 4693 586 4760 Tab.
637 4693 754 4758 R*
835 4695 1230 4780 Aquincum,
1300 4694 1612 4760 Acincum
1668 4693 2021 4777 (Pannon.)
2080 4693 2243 4759 Ptol.
2301 4693 2445 4757 Itin.
2502 4695 2712 4758 Amm.
2800 4695 3134 4779 Aquincus

227 4793 398 4876 (nom.
427 4795 588 4880 viri)
635 4795 834 4862 Inscr.
868 4793 1053 4861 Grut.
1094 4797 1236 4878 902,
1271 4799 1328 4858 ἶ).
1378 4796 1752 4878 Pervincus,
1788 4796 2104 4860 Pervinca
2147 4797 2343 4877 (nom.
2380 4796 2668 4882 person.)
2706 4797 2898 4860 lnscr.
2934 4795 3131 4862 Orell.

341 4987 358 5004 ⁰
397 4985 598 5038 Nomen
631 4983 874 5051 gallicum
911 4983 1090 5050 procul
1127 4981 1298 5034 dubio.
1371 4981 1467 5033 Sed
1505 4981 1635 5034 Plin.
1659 4987 1704 5044 3,
1743 4989 1827 5033 16:
1861 4982 2045 5050 'pudet
2081 4999 2111 5036 a
2146 4981 2353 5034 Graecis
2394 4985 2565 5035 ltaliae
2605 4983 2851 5035 rationem
2891 4985 3133 5044 mutuari,

226 5050 520 5107 Metrodorus
557 5058 730 5105 tamen
754 5051 996 5120 Scepsius
1021 5051 1162 5112 dicit,
1213 5051 1526 5117 ..Ligurum
1564 5051 1740 5119 lingua
1775 5068 1977 5104 amnem
2003 5052 2243 5116 (Padum)
2288 5050 2569 5103 Bodincum
2596 5054 2781 5114 vocari,
2817 5053 2953 5121 quod
2979 5053 3135 5116 signi-

226 5117 324 5174 ficet
351 5123 515 5176 fimdo
549 5125 826 5174 carentem.
857 5188 867 5198 θ
917 5118 1115 5173 Nomen
1143 5120 1412 5188 liguricum
1453 5119 1666 5172 forsitan
1703 5123 1766 5172 ad
1805 5121 1978 5174 Gallos
2014 5123 2069 5174 in
2106 5121 2253 5174 Italia
2290 5127 2682 5189 transgressum.

2212 5273 2245 5340 Ι
