3717 5642
598 380 723 447 928
764 378 1083 447 (sos-904)
1282 372 1395 449 VI.
1446 383 1501 447 1.
1570 398 2046 451 cossrnuo‘rxo
2087 398 2372 452 nonnus
2415 399 2827 447 BRITANHIGI.

592 569 801 651 uullaf
838 591 1056 633 arnaw
1108 571 1216 649 (ex
1264 589 1389 653 quo
1434 569 1777 650 cecineriS,
1824 592 1904 634 ex
1948 590 2072 655 quo
2117 569 2294 636 dedit
2335 591 2528 635 uuum
2573 568 2850 635 sonitum
2891 589 2998 648 ec,
3042 566 3270 651 cornu)
3314 567 3380 647 2,
3429 567 3528 631 65.

596 672 697 734 66.
785 670 946 735 Item
990 679 1139 756 post
1182 670 1483 755 quasdam
1531 672 2014 737 coniunctiones
2059 670 2662 757 praepositionales‚
2707 677 2778 733 ut
2813 670 3051 755 qwedy,
3099 670 3156 735 si
3195 692 3327 734 non
3369 690 3532 733 con·

594 771 857 835 struitur
899 792 1041 836 cum
1082 770 1436 836 infinitivo:
1478 774 1694 857 qwedy
1732 796 1775 855 y
1820 771 1990 857 heym
2033 776 2207 837 uedw
2249 773 2422 856 (cum
2467 794 2754 839 essemus
2798 780 3012 837 mente
3039 770 3296 858 captae)
3328 774 3388 851 1,
3425 772 3528 835 36.

592 871 694 937 Ibi
750 873 1173 958 supplendum
1220 894 1365 938 esse
1402 874 1616 957 ywedy
1657 874 1826 956 bynu
1863 896 1907 957 y
1951 872 2120 957 heym
2158 873 2252 958 (p.
2295 872 2470 957 394),
2517 884 2694 959 patet
2737 895 2772 937 e
2813 874 3286 939 constructione
3325 895 3530 958 nega-

592 973 730 1039 tiva
755 974 926 1039 facta
957 997 1097 1040 cum
1125 974 1437 1059 particula
1478 998 1581 1053 na,
1629 996 1791 1059 quae
1834 974 2126 1039 vicissim
2153 996 2470 1060 occupare
2501 976 2667 1041 solet
2695 974 2900 1039 loeum
2927 975 3272 1060 particulae
3297 998 3344 1058 y
3373 996 3526 1039 sen-

590 1076 829 1141 tentiae
858 1077 1159 1141 relativae
1204 1076 1647 1141 affirmativae:
1688 1077 1902 1161 ywedy
1931 1100 2016 1141 na
2056 1076 2271 1141 welont
2298 1077 2432 1159 kwy
2477 1076 2634 1160 dydi
2673 1077 2841 1141 drwo
2879 1078 3004 1161 vyd
3035 1088 3300 1163 qantunt
3341 1076 3524 1157 (cum

594 1200 723 1242 non
773 1178 1051 1243 viderint
1102 1176 1195 1241 illi
1252 1188 1340 1257 te,
1398 1197 1661 1261 aegrum
1712 1176 1833 1241 erit
1886 1177 2012 1259 eis)
2080 1180 2141 1258 1,
2194 1180 2300 1258 14,
2359 1178 2527 1243 sicut
2583 1188 2732 1264 post
2785 1179 2946 1245 alias
3005 1177 3314 1244 eiusmodi
3367 1200 3528 1243 con·

593 1279 981 1345 iunctioues:
1029 1302 1131 1341 am
1172 1290 1283 1343 nat
1324 1289 1445 1353 wyt
1488 1278 1673 1363 (quia
1712 1298 1843 1343 nou
1889 1278 2011 1361 es),
2055 1302 2158 1343 am
2205 1303 2290 1343 na
2335 1302 2430 1341 wn
2473 1280 2656 1365 (quia
2696 1280 2950 1363 nescio)
2981 1282 3040 1359 2,
3075 1281 3166 1344 10.
3214 1279 3312 1343 13.
3362 1279 3524 1341 wrtlae

594 1392 703 1444 nat
760 1392 1065 1445 atwaenat
1118 1378 1301 1465 (quia
1342 1401 1473 1443 uon
1516 1379 1761 1463 uorat),
1812 1402 1893 1463 yn·
1934 1404 2048 1445 nas
2099 1380 2340 1467 qwelsei
2379 1380 2796 1466 (quamquam
2851 1402 2982 1447 nou
3039 1379 3286 1445 viderat
3343 1380 3522 1459 eam)

596 1482 654 1561 2,
707 1484 801 1544 12.
853 1482 991 1545 199.
1077 1478 1383 1545 Eiusdem
1426 1490 1637 1546 tamen
1681 1481 1948 1567 originis
1992 1481 2474 1547 coniunctiones
2517 1504 2554 1545 o
2599 1483 2720 1565 (or,
2753 1483 2846 1566 οε)
2892 1491 2956 1547 et
2997 1492 3100 1545 tra
3145 1492 3526 1548 construun-

592 1571 695 1647 tur
746 1593 1045 1667 tanquam
1102 1581 1461 1667 primitivae
1514 1583 1653 1647 sine
1721 1583 1850 1648 ulla
1900 1582 2212 1668 particula
2263 1583 2502 1650 verbali
2569 1582 2675 1649 vel
2737 1604 2882 1649 cum
2950 1584 3262 1669 particula
3329 1606 3528 1668 nega·

596 1685 732 1749 tiva
775 1683 1093 1749 absoluta:
1150 1704 1221 1746 or
1264 1684 1485 1767 clywy,
1540 1706 1611 1747 or
1664 1686 1856 1771 920er
1902 1687 2072 1767 (eum
2118 1684 2367 1765 audies,
2415 1683 2698 1770 videbis)
2749 1689 2801 1766 1,
2850 1686 2994 1751 238.
3075 1708 3140 1749 οε
3175 1685 3396 1771 qauafi
3443 1684 3524 1767 (si

599 1786 893 1872 possum)
953 1786 1017 1865 1,
1066 1786 1209 1849 256.
1308 1784 1468 1871 offoy
1510 1788 1581 1849 di
1620 1784 1708 1869 (si
1752 1792 1821 1847 tu
1863 1782 2094 1869 fugis),
2141 1807 2258 1870 ony
2300 1786 2491 1870 cheffy
2523 1788 2596 1851 di
2633 1788 2772 1865 οἷαι
2810 1786 2902 1871 (si
2943 1809 3076 1853 non
3115 1786 3366 1874 ceperis
3413 1809 3526 1851 an-

598 1887 847 1971 gorem)
897 1890 951 1968 1,
996 1888 1054 1951 8.
1144 1907 1178 1949 o
1222 1886 1558 1973 dianyhas',
1610 1906 1682 1951 or
1724 1886 2062 1971 dianylmfi,
2110 1886 2217 1949 oni
2253 1886 2568 1973 dianqhaf
2599 1888 2784 1951 iuben
2828 1886 2920 1973 (si
2963 1910 3250 1969 evasero,
3297 1886 3356 1953 si
3393 1908 3522 1951 non

598 1987 895 2071 evasero)
926 1988 985 2067 2,
1026 1988 1120 2051 12.
1172 1988 1269 2052 16.
1342 1999 1443 2053 tra
1480 1988 1766 2073 yudyych
1808 1989 1859 2050 ti
1900 1985 2234 2072 (quamdiu
2277 1996 2343 2051 tu
2389 1988 2729 2073 celaveris)
2763 1991 2820 2069 1,
2869 1991 2964 2054 14.
3039 1987 3206 2057 Cum
3247 1988 3332 2053 iis
3373 2010 3528 2053 con-

598 2087 865 2155 cordant
898 2110 1025 2173 yny
1070 2088 1335 2172 (donec)
1348 2140 1366 2171 ‚
1404 2111 1537 2173 pan
1581 2087 1918 2174 (quando).
2008 2085 2250 2155 Contra
2291 2089 2483 2155 etiam
2534 2100 2686 2177 post
2727 2090 2840 2177 pei
2873 2089 3384 2157 condicionalem
3429 2111 3526 2155 se-

600 2190 813 2276 quitur
855 2189 1055 2255 forma
1108 2190 1459 2274 particulae
1510 2189 1845 2275 negativae
1897 2190 2166 2255 relativa
2205 2212 2316 2255 na:
2367 2195 2476 2275 pei
2521 2216 2608 2257 na
2665 2192 2788 2271 bei,
2830 2194 2941 2278 pei
2977 2215 3128 2257 nam
3163 2191 3528 2278 qoyanewck

599 2291 694 2377 (p.
742 2294 776 2354 7
784 2286 926 2373 25),
984 2301 1050 2355 et
1090 2302 1239 2377 post
1279 2291 1634 2377 primitivas
1676 2315 1746 2372 α,
1791 2314 1866 2357 ac
1905 2292 2051 2377 (et),
2095 2312 2192 2373 no,
2237 2313 2350 2357 noc
2389 2292 2644 2379 (quam)
2691 2294 3066 2362 conceditur
3105 2295 3290 2361 loeus
3335 2292 3526 2381 parti·

601 2393 779 2457 culae
817 2414 883 2477 y,
925 2393 1031 2478 yd,
1078 2391 1313 2477 pariter
1357 2392 1491 2458 acsi
1534 2416 1665 2457 non
1708 2393 1837 2458 sint
1881 2393 2152 2459 additae.

776 2515 823 2557 e.
880 2493 951 2557 1n
981 2493 1267 2579 partibus
1296 2494 1753 2581 posterioribus
1786 2495 2141 2561 sententiae
2181 2495 2534 2561 cambricae
2575 2517 2706 2561 non
2748 2498 2952 2582 magis
2981 2506 3192 2563 certus
3225 2506 3327 2565 est
3353 2498 3532 2575 ordo,

600 2618 787 2683 quam
816 2596 1199 2661 hibernIcae.
1272 2594 1451 2663 Solet
1490 2605 1699 2661 tamen
1730 2595 2082 2661 subiectum
2116 2617 2256 2661 cum
2287 2597 2554 2663 vocibus
2583 2597 2939 2664 subiunctis
2965 2598 3356 2686 praecedere
3381 2611 3533 2665 ante

599 2697 917 2789 obiectum
961 2718 1105 2763 cum
1146 2698 1408 2763 ceteris:
1446 2720 1580 2783 pan
1638 2698 1917 2782 dywettei
1953 2697 2176 2761 arthur
2209 2718 2290 2783 ψ
2312 2698 2692 2783 ,ῃηιαάναωά
2718 2698 2917 2779 techas
2954 2700 3195 2784 wrthyf
3225 2722 3297 2765 or
3323 2700 3533 2765 aallei.

594 2822 639 2884 y
682 2800 993 2884 dywedwn
1032 2822 1237 2885 ynneu
1274 2823 1354 2886 φ·
1389 2802 1743 2885 ymadrawt
1780 2800 2019 2863 hwmzw
2057 2798 2398 2883 ynlaacoraf
2431 2798 2584 2881 (leg.
2625 2822 2714 2884 yn
2755 2801 3057 2885 haoeraj')
3093 2803 3326 2867 aallwn
3355 2803 3530 2884 (cum

593 2901 851 2966 dicebat
898 2902 982 2967 A.
1042 2902 1335 2967 nuntium
1391 2924 1578 2987 quam
1632 2902 1935 2986 optimum
1977 2900 2133 2967 mihi
2177 2908 2454 2985 poterat,
2516 2899 2806 2967 dicebam
2849 2902 2968 2988 ego
3011 2904 3194 2971 illum
3235 2904 3530 2971 nuntium

596 3024 783 3087 quam
826 3002 1109 3087 pessime
1150 3002 1465 3089 poteram)
1513 3004 1570 3083 2,
1616 3002 1759 3069 375.

760 3103 1251 3189 Descriptiones
1296 3104 1597 3190 temporis
1642 3116 1707 3170 et
1748 3103 1872 3170 loei
1915 3104 2022 3170 vel
2061 3102 2230 3167 aliae
2273 3101 2674 3169 adverbiales
2715 3104 2786 3169 iu
2829 3104 3152 3171 cambrica
3189 3106 3530 3183 sententia,

596 3206 665 3271 in
714 3227 841 3290 qua
884 3204 1321 3272 collocationis
1362 3205 1567 3272 maior
1611 3218 1711 3271 est
1749 3204 2038 3277 licentia,
2083 3204 2396 3269 interdum
2441 3205 2909 3290 subiunguntur
2949 3206 3298 3293 principio:
3371 3231 3449 3273 ac
3485 3230 3532 3291 y

600 3306 679 3371 bu
724 3308 971 3391 deudyd
1011 3332 1053 3371 a
1094 3309 1355 3392 dwynos·
1378 3330 1467 3393 yn
1510 3308 1715 3373 kerdet
1765 3306 2088 3392 ynyalwch
2123 3304 2430 3388 fforestyd
2491 3308 2587 3387 (et
2641 3316 2778 3372 erat
2829 3308 2990 3374 duos
3045 3308 3190 3394 dies
3239 3320 3308 3375 et
3369 3310 3531 3375 duas

600 3418 822 3475 noctes
868 3408 1283 3493 proficiscens
1339 3431 1454 3494 per
1510 3409 1918 3475 solitudinem
1976 3406 2309 3490 silvarum)
2360 3411 2422 3488 1,
2459 3407 2622 3483 238.
2708 3407 2910 3475 Immo
2967 3411 3227 3495 saepius
3271 3412 3342 3475 in
3382 3412 3532 3495 ipso

599 3509 919 3595 principio
965 3508 1383 3605 collocantur:
1428 3534 1506 3573 ar
1550 3510 1688 3574 bore
1730 3509 2070 3575 drannoetk
2093 3532 2138 3595 y
2167 3508 2246 3573 Im
2292 3507 2528 3573 barawt
2565 3510 2784 3573 marck
2823 3514 3016 3577 owes'n
3042 3512 3140 3595 (et
3165 3534 3353 3577 mane
3381 3526 3532 3597 post

600 3622 851 3677 noctem
892 3621 1151 3697 paratus
1196 3620 1328 3677 erat
1372 3633 1573 3697 equus
1618 3611 1729 3694 O.)
1781 3617 1845 3694 1,
1895 3614 1992 3677 12.
2079 3633 2154 3677 ac
2188 3620 2337 3695 μανι
2379 3630 2458 3673 ar
2497 3610 2626 3694 dyd
2654 3612 2930 3697 per-edm·
2969 3614 3231 3698 aquwei
3283 3616 3530 3697 diaspax

598 3714 696 3797 (et
738 3736 863 3779 una
906 3734 1052 3779 cum
1095 3714 1198 3779 die
1240 3712 1316 3779 P.
1363 3714 1660 3779 audiebat
1700 3712 2065 3795 tumultum)
2115 3713 2173 3791 1,
2223 3710 2364 3774 256.
2433 3732 2566 3795 pan
2605 3710 3037 3797 kambwyllont
3073 3714 3210 3799 hwy
3255 3738 3330 3778 or
3373 3715 3532 3779 Ileou

596 3838 638 3899 y
682 3814 909 3877 deuant
948 3836 1045 3899 wy
1096 3815 1206 3901 yth.
1250 3816 1562 3901 yyrchudi
1600 3806 1774 3899 (eum
1820 3810 2284 3893 consuluerint,
2341 3834 2378 3876 e
2419 3822 2632 3877 castro
2674 3812 3034 3898 Legionum
3083 3814 3348 3881 venient
3394 3816 3530 3901 ipsi

597 3916 681 3981 ad
734 3926 797 3980 te
842 3914 1297 4000 quaerendum)
1347 3919 1413 3997 1,
1466 3918 1562 3981 14.
1650 3940 1725 3981 ασ
1772 3939 1851 4001 yr
1890 3915 2108 4000 fforest
2154 3914 2260 3996 yd.
2295 3916 2398 3979 aei
2431 3936 2476 3997 y
2517 3914 2661 3979 mab
2721 3914 2964 3999 beunyd
3015 3916 3112 4000 (et
3165 3916 3252 3981 ad
3303 3916 3528 3982 silvam

598 4018 735 4084 ibat
782 4038 941 4101 puer
994 4017 1261 4100 cotidie)
1309 4019 1373 4098 1,
1421 4018 1564 4083 236.
1650 4040 1725 4083 ac
1779 4040 1855 4081 ar
1917 4018 1975 4079 ol
2012 4036 2056 4097 y
2102 4014 2188 4076 llu
2229 4014 2464 4078 hwnnw
2502 4038 2547 4099 y
2586 4015 2798 4100 qwelei
2837 4015 2908 4097 qs
2945 4018 3170 4102 qwret'o
3225 4019 3388 4083 velen
3425 4020 3528 4100 (et

600 4129 749 4207 post
785 4117 950 4182 hane
994 4119 1243 4184 turbam
1286 4118 1428 4205 ipse
1470 4117 1634 4185 vidit
1670 4118 2002 4183 mulierem
2025 4115 2302 4207 ¹flavam)
2339 4119 2392 4195 1,
2432 4117 2526 4179 17.
2597 4116 2928 4181 Adverbia
2965 4116 3162 4201 igitur
3203 4130 3334 4185 tam
3373 4119 3526 4183 sim-

602 4220 793 4306 plicia
836 4240 1023 4304 quam
1066 4220 1421 4305 composita
1471 4217 1984 4306 frequentissime
2029 4225 2345 4302 occupant
2395 4216 2776 4303 principium
2831 4220 3217 4285 sententiae:
3281 4244 3353 4285 ac
3389 4244 3526 4304 yma

596 4320 825 4405 ydeuth
867 4318 937 4399 ey*
967 4318 1148 4403 fford
1193 4342 1236 4402 y
1279 4321 1371 4405 lys
1401 4372 1416 4385 .
1450 4372 1464 4385 .
1500 4371 1514 4384 .
1547 4344 1622 4385 ac
1658 4340 1781 4403 yno
1819 4340 1864 4402 y
1903 4318 2124 4403 qwelas
2166 4318 2235 4393 ef
2267 4320 2562 4403 ywrayed
2603 4318 2699 4403 (et
2739 4327 2893 4384 tuuc
2936 4322 3218 4405 perrexit
3276 4322 3378 4387 ille
3431 4320 3520 4385 ad

603 4422 836 4501 aulam,
894 4430 960 4483 et
1009 4419 1098 4484 ibi
1156 4420 1319 4486 vidit
1375 4421 1703 4503 mulieres)
1758 4422 1819 4499 1,
1879 4420 1977 4482 36.
2079 4441 2153 4481 ac
2206 4439 2329 4502 yno
2376 4441 2421 4503 sq
2477 4419 2689 4504 clywei
2725 4467 2740 4481 .
2785 4470 2800 4482 .
2847 4468 2866 4483 .
2905 4444 2984 4485 ac
3035 4422 3198 4505 νεαρ]
3247 4447 3292 4507 y
3345 4422 3411 4485 bu
3461 4422 3536 4499 ρι’

596 4546 683 4608 yn
727 4523 827 4585 Ιι-ἰν
864 4543 951 4605 yn
988 4542 1069 4605 φ·
1112 4522 1407 4607 aylaerdet
1444 4523 1681 4587 kwnnw
1712 4571 1726 4584 .
1761 4568 1776 4581 .
1811 4569 1825 4584 .
1858 4520 2062 4603 odyna
2101 4540 2145 4603 y
2191 4520 2479 4585 cerdawd
2531 4522 2780 4585 raedam
2824 4521 2948 4604 (ibi
2991 4522 3292 4589 audiebat
3319 4574 3334 4589 .
3362 4570 3375 4584 .
3401 4568 3416 4581 .
3455 4532 3528 4584 et

600 4624 693 4689 ita
730 4623 853 4688 fuit
895 4623 1005 4687 diu
1046 4622 1114 4686 in
1156 4622 1425 4708 regione
1465 4623 1579 4689 illa
1618 4622 1798 4687 invia
1827 4672 1841 4686 .
1879 4672 1890 4683 .
1927 4672 1940 4685 .
1974 4619 2123 4684 inde
2153 4620 2461 4704 perrexit)
2496 4624 2554 4705 1,
2590 4622 2732 4687 266.
2783 4624 2926 4688 267.
2999 4642 3080 4685 ar
3105 4624 3318 4709 hym-y
3337 4645 3376 4705 y
3399 4622 3524 4705 dy—

605 4738 779 4788 wawt
818 4724 1043 4789 arthur
1086 4724 1348 4809 (deinde
1392 4724 1553 4791 dixit
1591 4723 1704 4806 A.)
1742 4728 1795 4803 1,
1829 4724 1887 4786 2.
1962 4746 2035 4785 ac
2077 4743 2154 4783 ar
2195 4721 2404 4809 hyrmy
2433 4733 2598 4806 wynt
2623 4748 2666 4787 a
2693 4722 2911 4807 welynt
2945 4744 3034 4807 yn
3075 4724 3266 4809 dyuot
3285 4743 3526 4808 φῆμαι

604 4852 877 4913 Μωᾞπ
934 4828 1030 4911 (et
1069 4836 1223 4892 tunc
1276 4827 1583 4893 videbant
1624 4824 1719 4889 illi
1762 4826 2120 4889 venientem
2166 4823 2331 4887 intro
2375 4822 2680 4908 puellam)
2729 4826 2784 4905 1,
2830 4824 2976 4888 282.

774 4930 1019 4997 Contra
1062 4928 1463 5013 participium
1506 4926 1865 5013 praesentis
1909 4925 2099 4991 activi
2147 4924 2707 5011 circumscriptum,
2766 4924 3085 5010 quomodo
3131 4924 3522 4991 circumscri-

606 5032 837 5096 buntur
880 5030 1201 5109 adverbia,
1248 5030 1315 5094 in
1369 5030 1709 5115 postremis
1754 5026 2106 5093 sententiae
2152 5026 2312 5091 locis
2356 5026 2692 5111 reperitur:
2737 5048 2811 5089 ac
2847 5028 3189 5111 ymperued
3226 5027 3387 5089 llam
3433 5047 3524 5105 yr-

602 5132 868 5216 yetauell
904 5132 1105 5216 ydoed
1141 5152 1223 5214 φ·
1265 5131 1691 5215 amloerawdyr
1746 5131 1966 5193 a-rtlaew·
2003 5150 2090 5210 yn
2133 5131 2316 5191 eisted
2368 5128 2463 5211 (et
2513 5129 2580 5192 in
2619 5128 2834 5194 medio
2878 5129 3018 5194 solo
3077 5126 3338 5194 cubiculi
3377 5141 3524 5188 erat
