3717 5642
990 294 1103 363 IV.
1150 296 1210 361 2.
1282 310 1859 361 Pmrosrnonss
1903 311 2382 361 summram.
2419 378 2426 383 ὁ
2665 296 2801 357 (627-
2827 296 2948 359 ⁰28)
3011 294 3134 359 663

248 482 427 546 melin
467 481 491 563 l
545 483 615 547 di
651 482 927 568 mauqles
950 480 1041 565 (Ρ)
1080 482 1107 566 l
1149 482 1221 547 di
1256 484 1343 547 rit
1387 480 1637 569 brinqui
1678 483 1703 565 l
1745 482 1819 547 di
1856 502 2006 567 aper
2044 482 2179 546 vsul
2199 481 2290 567 (P)
2330 486 2361 562 l
2403 482 2475 545 di
2515 482 2660 546 licat
2704 482 2731 563 l
2773 482 2850 545 da·
2879 482 2998 565 pul
3035 502 3136 544 re-

238 585 325 646 tia
354 606 377 645 .·
401 606 421 645 .-
456 604 475 645 .·
514 585 539 665 l
581 584 653 649 di
690 604 859 669 aper.
945 582 1273 649 Posterior
1314 584 1409 671 (p.
1440 585 1581 665 274,
1625 606 1719 649 nr.
1754 583 1853 667 7):
1911 585 2166 649 ostendit
2219 586 2338 647 ista
2395 584 2714 671 commpsio
2765 581 2838 666 (i.
2884 604 2937 647 e.
2983 604 3136 647 con-

243 685 522 771 scriptio)
576 684 950 749 nobilitatem
1004 689 1259 751 muinur
1298 688 1440 753 med
1459 686 1549 772 (Ρ)
1596 686 1856 751 diminih
1912 698 1970 751 et
2007 706 2358 749 ‘mensuram
2398 688 2542 749 eius.
2597 706 2748 771 aper
2786 684 2943 748 imer
2987 686 3010 767 s
3070 684 3140 747 di

242 789 598 873 &widmann
643 789 668 871 J
722 787 993 851 ditoldar
1034 788 1067 851 Ἰ
1122 787 1367 874 quoeliu
1410 788 1593 853 uelem
1616 787 1707 872 (Ρ)
1753 788 1777 871 s
1834 788 1908 853 di
1943 789 2028 851 rit
2069 786 2265 867 cellfin
2307 788 2332 871 l
2380 787 2451 851 di
2491 786 2576 851 lib
2617 786 2814 851 omivr
2859 788 2882 867 s
2927 784 2998 850 di
3038 784 3134 848 bz'r

240 891 399 953 maia
435 888 589 973 (leg.
620 888 912 969 Ῐιὲνηιαίπ,
958 890 1039 954 ad
1082 890 1341 976 longum
1382 888 1657 975 lapidem
1670 888 1729 973 Ρ)
1770 891 1803 953 i
1843 887 2091 952 bienidi.

394 988 728 1059 Constanti
772 1010 923 1075 ergo
965 990 1034 1055 in
1076 990 1177 1057 his
1220 991 1345 1057 iam
1390 1012 1510 1057 usu
1553 990 1623 1054 di
1660 1013 1777 1077 pro
1809 992 1886 1054 do
1927 988 2294 1071 vetustiore,
2341 1011 2501 1075 quae
2543 1012 2674 1055 non
2715 998 2965 1056 tenetur
3005 989 3132 1055 nisi

238 1092 299 1155 in
340 1092 700 1179 compositis
746 1090 1099 1175 glossarum
1142 1092 1585 1173 vetustiorum,
1642 1102 1714 1157 ut
1758 1090 2249 1158 Oxoniensium:
2315 1090 2866 1178 doquomisuffam]
2933 1094 3132 1175 (men-

236 1214 393 1275 suro,
432 1196 695 1281 terram)
729 1196 809 1261 3·.
872 1195 1339 1281 doyuokintiliat
1381 1193 1496 1279 (gl.
1542 1194 1870 1276 incaeduus,
1915 1193 1958 1258 i.
1991 1214 2046 1258 e.
2079 1192 2460 1277 ambulator)
2491 1194 2570 1275 5⁵,
2613 1190 3132 1280 Luxemburgen-

238 1294 413 1359 sium:
470 1296 925 1382 eloquor-ennam
972 1295 1086 1381 (gl.
1129 1294 1503 1383 profundo),
1548 1296 1956 1359 douorinnom
1998 1293 2113 1380 (gl.
2161 1302 2439 1375 austum,
2484 1294 2526 1358 i.
2560 1314 2622 1359 e»
2653 1292 2978 1381 haustus),
3025 1296 3133 1359 do·

240 1396 461 1461 uolouse
494 1397 611 1483 (gl.
644 1398 1017 1485 depromis).
1102 1398 1316 1483 Atque
1358 1396 1425 1463 in
1454 1396 1555 1462 his
1598 1398 1761 1484 ipsis
1801 1396 2038 1462 habent
2077 1397 2149 1459 di
2187 1395 2441 1481 glossae
2474 1394 2595 1461 Ox.
2639 1385 3136 1482 diquolbuichetic

244 1497 567 1583 (proditus,
613 1500 656 1564 i.
690 1522 745 1564 e.
792 1498 873 1565 ad
912 1498 1120 1565 lucem
1165 1498 1381 1582 datus)
1426 1500 1551 1564 41⁶.
1608 1498 2055 1586 diquormechis
2099 1496 2397 1581 (testatus
2441 1497 2568 1581 est)
2611 1498 2734 1563 22³.

386 1598 597 1667 Etiam
642 1622 841 1667 arem
860 1601 1143 1667 ericam
1184 1600 1594 1666 vetustiorem
1636 1600 1823 1665 huius
1860 1598 2357 1687 praepositionis
2399 1600 2660 1666 formam
2689 1598 2816 1667 DO
2861 1599 2930 1663 in
2977 1622 3129 1686 qua-

232 1700 515 1789 licunque
547 1702 869 1789 positione
900 1703 1270 1788 comprobat
1312 1702 1656 1789 descriptio
1686 1702 1907 1767 finium
1951 1702 2087 1787 agri
2117 1702 2447 1767 cuiusdam
2491 1711 2744 1769 vetusta
2772 1700 3132 1769 chartularii

240 1803 687 1887 Rhodanousia,
732 1806 883 1871 data
925 1828 1090 1871 anno
1134 1805 1253 1869 821
1298 1804 1669 1885 aremorico,
1714 1804 1981 1871 vocibus
2025 1804 2242 1870 latinis
2287 1804 2510 1891 paucis
2566 1804 2944 1869 intermixtis
2997 1804 3130 1891 (ap.

238 1904 533 1989 Courson,
578 1927 729 1993 pop.
772 1905 929 1971 Brit.
966 1909 1019 1988 1,
1064 1930 1127 1971 n.
1160 1906 1299 1990 39):
1345 1926 1449 1991 eqo
1494 1904 1795 1970 Cat-meten
1819 1954 1833 1969 .
1860 1954 1876 1970 .
1903 1954 1916 1969 .
1951 1907 2210 1971 uendidi
2247 1928 2374 1969 rem
2409 1905 2808 1991 proprietatis
2847 1926 3016 1971 meae
3057 1908 3130 1971 id

186 2052 199 2077 2
234 2018 307 2070 ωε
360 2008 428 2071 de
468 2008 619 2073 Rem
672 2010 955 2073 riantear
987 2056 1003 2074 .
1026 2056 1041 2071 .
1068 2056 1083 2082 ‚
1096 2006 1291 2089 finem
1330 2006 1555 2073 habens
1613 2032 1653 2071 a
1678 2006 1810 2087 fine
1850 2030 1972 2071 ran
2014 2008 2216 2073 melan
2259 2008 2379 2071 don
2419 2008 2566 2073 roch
2617 2009 2696 2072 do
2722 2008 3128 2092 foemawuor

232 2108 408 2173 calaico
450 2108 559 2194 sos
600 2111 683 2175 do
722 2109 951 2174 imhoir
990 2110 1161 2173 ultra
1200 2110 1426 2174 imhm'r
1458 2128 1575 2193 per
1620 2109 1875 2173 Cannam
1929 2110 2007 2174 do
2036 2111 2177 2193 fois
2199 2109 2301 2192 fin
2343 2111 2470 2174 rad
2523 2110 2788 2195 dofhion
2847 2108 3127 2191 dqfi'nran

228 2210 545 2275 kaelmorin
590 2212 825 2277 cohiton
865 2210 936 2275 ln·
959 2210 1153 2294 foma
1196 2210 1499 2294 dmmdsos
1542 2210 1805 2274 eoihiton
1844 2211 2066 2293 rudfoe
2103 2232 2214 2295 per
2244 2210 2497 2275 launum
2541 2210 2823 2293 dqfinran
2853 2212 3132 2275 leudinoc

228 2323 363 2394 pont
397 2314 645 2379 imhoir.
703 2312 1123 2378 Haeldetuuid
1160 2314 1407 2398 scripsit
1447 2310 1561 2395 (ad
1602 2312 1891 2379 verbum:
1951 2335 1990 2377 a
2028 2313 2158 2377 fine
2199 2312 2433 2397 partis,
2491 2312 2714 2407 sortis,
2760 2312 3006 2377 Melani
3049 2314 3132 2378 ad

232 2434 441 2496 rocam,
489 2416 575 2481 ad
613 2414 854 2482 fossam
881 2412 1178 2493 Mutuom,
1224 2413 1571 2479 secundum
1610 2412 1850 2479 fossam
1894 2414 1976 2479 ad
2011 2414 2232 2501 ripam,
2275 2414 2319 2477 i.
2355 2436 2408 2479 e.
2453 2413 2680 2495 rivum,
2725 2414 2889 2479 ultra
2929 2414 3130 2502 ripam

236 2536 337 2599 per
375 2516 631 2583 landam
692 2516 774 2582 ad
813 2515 1055 2582 fossam
1106 2516 1301 2581 finem
1352 2514 1553 2602 partis
1594 2512 1884 2599 Dofioni‚
1941 2516 2022 2581 ad
2065 2517 2256 2595 finem
2306 2515 2506 2603 partis
2545 2514 2973 2599 Haelmorini‚
3030 2538 3131 2583 se-

238 2616 490 2683 cundum
534 2640 679 2684 eum
722 2619 803 2684 ad
830 2618 1152 2700 fossulam,
1196 2616 1277 2681 ad
1302 2616 1557 2683 rubram
1594 2616 1849 2700 fossam,
1897 2618 2242 2683 secundum
2284 2618 2534 2683 rubram
2573 2616 2806 2683 fossam
2851 2639 2967 2703 per
2994 2617 3132 2681 lan-

238 2716 364 2783 dam
420 2720 501 2786 ad
540 2720 735 2786 finem
788 2720 991 2807 partis
1032 2717 1389 2784 Laudinoci
1444 2718 1526 2783 ad
1568 2728 1827 2805 pontem
1877 2719 2086 2805 ripae3
2141 2742 2257 2806 pro
2309 2719 2432 2783 rad
2483 2716 2736 2799 dofln'on
2787 2717 3127 2804 legendum

234 2820 359 2885 sine
400 2820 593 2888 dubio
633 2844 755 2887 ran
794 2822 909 2906 d.).
996 2820 1180 2903 Quae
1224 2818 1569 2907 descriptio
1613 2820 1683 2885 in
1724 2820 1853 2885 alia
1894 2820 2128 2903 charta,
2176 2821 2322 2887 data
2366 2842 2421 2885 a.
2453 2820 2596 2903 824,
2639 2820 2710 2885 in
2739 2820 2964 2907 paucis
3009 2819 3129 2885 dif-

232 2919 419 2988 ferens
460 2922 661 2989 latine
702 2922 1025 2989 invenitur
1062 2923 1133 2988 in
1176 2922 1399 2989 eodem
1447 2920 1827 2987 chartulario
1873 2920 2006 3008 (ap.
2051 2920 2278 2989 Cours.
2325 2924 2378 3002 1,
2423 2946 2485 2987 n.
2516 2920 2662 3007 41):
2701 2942 2862 3006 pars
2902 2922 3130 2986 Riant-

236 3046 329 3085 ear
368 3044 527 3109 quae
568 3036 653 3089 est
696 3048 737 3089 a
760 3024 893 3107 fine
932 3024 1080 3089 Rau
1122 3024 1333 3089 Melan
1376 3024 1461 3089 ad
1498 3021 1765 3104 rocham,
1810 3046 1850 3086 a
1891 3023 2080 3089 rocha
2124 3023 2212 3087 ad
2240 3022 2546 3108 fossatam
2589 3022 2874 3103 Mamor,
2922 3044 2963 3085 a
2985 3022 3128 3103 fos-

232 3136 351 3187 eata
396 3127 483 3190 ad
520 3126 753 3211 ripam,
796 3127 883 3191 ad
920 3127 1067 3212 ripa
1105 3146 1217 3211 per
1258 3124 1517 3189 landam
1558 3124 1647 3188 ad
1668 3124 1861 3205 finem
1903 3124 2050 3191 Ran
2093 3124 2342 3207 Dofion,
2393 3126 2723 3191 secundum
2747 3124 2940 3205 finem
2981 3122 3129 3189 Ran

234 3224 455 3291 Dotion
499 3239 557 3291 et
596 3230 777 3292 sortis
821 3225 1131 3293 Sulwoion
1173 3246 1363 3311 usque
1386 3224 1583 3307 finem
1624 3226 1769 3291 Ran
1814 3226 2198 3308 Haelmorin,
2241 3247 2355 3311 per
2378 3226 2575 3308 finem
2604 3224 2988 3313 fossatellam
3027 3246 3129 3289 us-

232 3346 330 3409 que
365 3330 451 3393 ad
490 3328 753 3392 rubram
776 3328 1110 3410 fossatam,
1149 3350 1263 3413 per
1302 3326 1561 3391 rubram
1593 3327 1902 3411 fossatam
1942 3348 2132 3413 usque
2171 3330 2260 3393 ad
2296 3340 2540 3413 pontem
2581 3326 2901 3393 Loutinoc.

374 3428 559 3496 Haec
603 3452 855 3516 quoque
896 3428 1292 3516 praepositio
1336 3430 1443 3511 de,
1503 3430 1574 3493 di
1610 3430 1681 3494 in
1717 3430 2072 3498 recentiore
2113 3430 2334 3515 lingua
2375 3429 2798 3512 cambrica‚
2857 3450 3130 3496 excussa

236 3530 283 3610 d,
319 3530 380 3595 in
418 3532 683 3597 formam
710 3532 776 3597 Y
816 3532 1088 3613 transiit,
1133 3532 1200 3596 in
1230 3530 1388 3616 Leg.
1426 3539 1490 3595 et
1515 3530 1688 3597 Mab.
1732 3532 2330 3619 frequentissimam,
2377 3556 2519 3601 cum
2561 3532 2828 3599 articulo
2873 3530 3014 3613 YR,
3063 3541 3131 3596 ut

232 3652 266 3713 y
296 3633 386 3716 qei
421 3632 675 3719 (Gaio),
716 3656 798 3719 yr
836 3634 1044 3699 neuad
1083 3634 1195 3717 (ad
1238 3632 1496 3716 aulam),
1537 3654 1616 3717 :qr
1654 3636 1836 3720 qeqin
1879 3634 1992 3719 (ad
2036 3634 2366 3719 culinam).
2451 3633 2635 3702 Sicut
2677 3656 2819 3700 cum
2864 3633 3128 3699 articulo

237 3732 423 3799 eedem
466 3734 777 3802 coalescit
817 3755 959 3801 eum
999 3734 1482 3822 pronominibus
1526 3735 1773 3800 infixis:
1814 3758 1990 3822 ywyr
2026 3757 2126 3821 μω
2163 3748 2364 3821 ymtat
2402 3738 2432 3799 i
2471 3736 2554 3800 oll
2595 3735 2777 3819 (sunt
2813 3732 2935 3799 viri
2962 3735 3128 3821 patri

234 3852 365 3917 meo,
394 3836 600 3922 patris
628 3836 773 3918 mei,
806 3836 1059 3921 omnes)
1087 3836 1261 3904 Mab.
1298 3840 1353 3919 1,
1386 3838 1530 3903 264.
1582 3836 2142 3922 ythdihennydyaw
2185 3837 2298 3920 (ad
2325 3846 2390 3904 te
2419 3837 2972 3922 interficiendum),
3012 3858 3128 3923 yn·

232 3936 408 4016 parthi
443 3938 519 4001 πί
571 3936 686 4021 (ad
726 3958 849 4003 nos
891 3937 1294 4024 nutriendos)
1344 3943 1397 4023 1,
1438 3939 1534 4005 14.
1576 3940 1719 4004 252.
1814 3934 1918 4002 De
1959 3938 2266 4005 redeunte
2309 3962 2342 4003 ο
2383 3940 2454 4005 in
2495 3938 2940 4005 coniunctione
2984 3960 3129 4003 cum

238 4037 579 4118 pronomine
637 4039 1013 4125 possessivo
1079 4042 1137 4107 3.
1180 4063 1348 4127 pers.
1406 4041 1569 4128 sing.
1626 4062 1821 4127 supra
1891 4041 1998 4126 (p.
2047 4041 2212 4125 390)
2268 4041 2504 4108 dictum
2563 4051 2680 4107 est.
2776 4038 3018 4105 Eadem
3083 4063 3128 4125 y

242 4150 359 4221 post
397 4138 915 4207 coniunctionem
958 4164 999 4205 a
1044 4142 1178 4227 (ac)
1221 4143 1290 4207 in
1328 4142 1389 4209 E
1432 4153 1834 4227 transgressa
1875 4141 2222 4207 invenitur:
2262 4165 2308 4229 y
2329 4144 2537 4230 qildas
2577 4142 2701 4209 nab
2741 4142 2876 4205 lcaw
2917 4165 2991 4205 ae
3025 4164 3128 4225 ys-

246 4238 561 4327 oolloen‘9yon
600 4262 645 4325 y
688 4241 805 4327 llys
846 4242 933 4306 oll
972 4240 1237 4325 (Gildae
1272 4244 1313 4309 f.
1360 4242 1435 4312 C.
1483 4256 1548 4311 et
1588 4244 1745 4310 viris
1790 4242 1998 4309 doctis
2041 4244 2252 4310 cur-iae
2297 4243 2618 4329 omnibus)
2660 4242 2833 4308 Mab.
2868 4244 2926 4325 2,
2959 4244 3058 4308 22.

373 4340 433 4407 Ε
478 4340 1015 4429 frequentissimis
1072 4346 1379 4432 exemplis
1420 4345 1916 4434 praepositionis
1969 4367 2115 4411 cum
2159 4346 2637 4433 pronominibus
2681 4345 2926 4412 suffixis
2981 4368 3127 4413 coa-

246 4438 511 4509 lescentis
556 4445 889 4531 quaedam.
978 4445 1153 4533 Sing.
1206 4452 1260 4513 1.
1291 4469 1497 4534 pers..·
1540 4450 1657 4512 deu
1696 4444 1819 4511 nab
1866 4448 1978 4511 oed
2016 4450 2105 4511 im
2149 4448 2306 4531 (duo
2345 4447 2464 4512 filii
2507 4456 2688 4513 erant
2725 4447 2909 4532 mihi)
2949 4446 3126 4515 Mab.

248 4545 287 4621 1,
312 4546 397 4612 33.
463 4567 608 4611 eam
649 4568 763 4632 nys
799 4568 993 4634 qorue
1029 4571 1137 4634 ym
1180 4548 1441 4634 (malum
1482 4570 1611 4613 non
1640 4547 1795 4614 fecit
1820 4548 2005 4633 mihi)
2039 4552 2094 4631 1,
2127 4550 2269 4613 240.
2321 4570 2517 4614 mawr
2555 4572 2600 4634 y
2629 4550 2890 4635 dywawt
2926 4572 2970 4635 y
2991 4572 3129 4635 ρων

244 4643 329 4707 imi
354 4670 393 4733 y
431 4659 535 4713 vot
576 4648 654 4732 es
695 4648 1027 4733 (magnum
1070 4650 1231 4715 dixit
1270 4650 1369 4715 vir
1408 4649 1565 4715 mihi
1622 4672 1767 4715 esse
1820 4650 2029 4735 illum)
2090 4654 2142 4731 1,
2185 4652 2243 4714 7.
2309 4672 2353 4735 y
2409 4649 2828 4735 kyuarchawd
2875 4652 2952 4733 es
2991 4652 3132 4713 well

243 4750 343 4827 θῆκ’
372 4749 461 4835 (is
507 4748 815 4815 salutavit
854 4751 985 4836 me)
1035 4754 1089 4834 1,
1118 4753 1180 4816 4.
1232 4774 1275 4837 y
1316 4753 1607 4837 ‘medyant
1628 4752 1815 4836 yseyd
1836 4774 1881 4836 y
1907 4750 2000 4813 mi
2039 4750 2353 4837 (potestas
2400 4773 2562 4837 quae
2605 4760 2706 4817 est
2744 4749 2932 4835 mihi)
2979 4755 3032 4833 1,
3067 4754 3125 4815 7.

244 4845 286 4908 ‘2-
316 4870 503 4934 persa
552 4848 656 4915 bei
696 4851 1135 4938 nathybyckwn
1178 4853 1367 4939 dyuot
1402 4854 1663 4938 qormod
1704 4874 1739 4915 ο
1767 4864 1910 4917 ovut
1947 4854 2038 4917 itt.
2084 4856 2176 4917 mi
2199 4876 2550 4939 auanaywn
2591 4855 2667 4916 itt
2707 4853 2797 4937 (si
2837 4876 2967 4918 non
3007 4876 3127 4940 pu-

242 4954 393 5017 tarem
430 4962 779 5019 venturum
818 4954 1081 5019 nimium
1124 4954 1449 5020 horrorem
1476 4953 1612 5035 tibi,
1659 4976 1777 5039 ego
1822 4954 2102 5019 dicerem
2129 4953 2278 5039 tibi)
2328 4957 2382 5037 1,
2414 4956 2472 5019 5.
2530 4954 2720 5018 dibon
2760 4954 2874 5019 oed
2914 4956 2992 5017 iti
3027 4956 3131 5041 yei

246 5046 603 5133 (persuasum
650 5066 826 5123 esset
866 5056 1005 5140 tibi,
1052 5054 1203 5139 Oai)
1266 5058 1321 5147 1,
1366 5056 1424 5119 5.
1499 5058 1573 5121 ni
1610 5077 1683 5119 ae
1736 5057 2046 5141 dmoedwn
2087 5057 2190 5121 itti
2241 5056 2392 5139 (nos
2448 5057 2734 5123 dicemus
2785 5055 2905 5122 tibi
2961 5076 3123 5139 eam,
