3717 5642
860 444 975 511 VI.
1027 449 1083 511 1.
1156 460 1629 511 cousi-numo
1672 458 1960 510 nomme
2003 460 2416 511 autumer.
2638 444 2780 512 (907·
2797 446 2920 511 908)
2991 448 3111 513 931

203 631 457 715 genialis
500 632 739 718 praeda
780 630 1079 717 puellae),
1126 632 1231 696 dir
1274 630 1667 717 arpetetnbion
1711 630 1970 695 ceintiru
2014 629 2124 715 (gl
2173 630 2426 698 miseris
2477 634 2932 720 patruelibus),
2989 632 3118 701 nisi

202 732 348 798 forte
388 734 651 798 nimium
694 733 903 798 ordini
958 733 1295 799 latinarum
1354 754 1583 797 vocum
1638 731 1934 799 adhaesit
1983 733 2332 818 glossator,
2391 742 2456 799 et
2497 756 2534 800 e
2574 734 2750 803 Mab.
2794 738 2864 818 2,
2909 738 3008 803 31.
3057 738 3116 819 3,

204 836 342 900 304:
404 836 803 920 amryuaelon
842 836 1103 921 gardeto,
1157 836 1599 921 amryuaelyon
1636 835 1866 921 yet-deu
1909 832 2099 917 (varii
2145 835 2402 918 cantus)
2415 886 2432 917 ‚
2477 834 2656 901 iuxta
2695 838 2757 919 2,
2798 840 2908 904 31ε
2982 858 3118 901 am-

202 936 407 1021 ryuael
447 958 761 1023 anreyyon
804 936 1015 1021 (varia
1057 935 1272 1021 dona).

358 1036 761 1106 Praecedunt
818 1039 1239 1107 substantivis
1295 1038 1615 1105 adiectiva
1662 1038 2128 1125 pronominalia
2181 1039 2331 1105 neill
2369 1038 2576 1123 (corn.
2616 1039 2758 1126 yle),
2813 1040 2952 1107 cuis
2993 1040 3118 1106 for·-

206 1142 361 1206 sitan
406 1142 783 1229 compositio
830 1142 1169 1209 statuenda
1224 1142 1310 1206 sit
1352 1142 1445 1227 (p.
1490 1140 1677 1223 402),
1720 1161 1892 1225 paup
1935 1140 2236 1225 (quivis),
2282 1164 2402 1227 nep
2445 1140 2754 1229 (aliquis).
2843 1144 2934 1206 At
2975 1164 3120 1207 cum

204 1244 503 1308 communi
548 1244 1008 1311 adiectivorum
1052 1244 1277 1330 regula
1328 1242 1719 1309 concordant
1759 1240 1930 1307 arall
1970 1240 2228 1326 (alius),
2271 1242 2356 1307 oll
2398 1242 2689 1325 (omnis),
2735 1265 2896 1329 quae
2938 1252 3118 1331 post-

202 1354 525 1431 ponuntur.

358 1450 413 1510 2.
483 1445 951 1529 substantivis,
1013 1468 1177 1533 quae
1233 1454 1385 1533 post
1425 1443 1751 1509 numerale
1794 1442 1864 1509 II
1909 1442 2014 1509 vel
2055 1444 2182 1510 alia
2223 1445 2575 1513 numeralia
2615 1446 2709 1531 (p.
2758 1446 2913 1530 314)
2959 1468 3114 1533 prae

204 1570 267 1613 se
313 1549 525 1615 ferunt
574 1548 835 1615 formam
879 1549 1123 1613 numeri
1170 1546 1544 1633 singularis,
1602 1546 2062 1611 adiectivorum
2115 1546 2316 1613 forma
2345 1547 2624 1632 ,pluralis
2666 1546 2946 1615 additur:
3004 1550 3122 1613 deu

207 1672 339 1714 caen
382 1650 775 1737 rudqochyon
819 1650 975 1735 (duo
1018 1649 1266 1734 lapides
1310 1648 1515 1733 rubri)
1576 1650 1641 1729 2,
1691 1649 1834 1715 386.
1922 1650 2040 1713 deu
2081 1648 2326 1735 vackwy
2365 1651 2646 1713 wineuon
2683 1652 2922 1714 ieueino
2963 1651 3120 1735 (duo

204 1752 369 1835 pueri
411 1750 581 1819 fusci
624 1750 925 1835 iuvenes)
970 1754 1027 1833 3,
1074 1753 1215 1817 265.
1280 1752 1503 1836 pedeir
1544 1750 1861 1814 meillonen
1898 1770 2246 1835 qunnyon
2289 1750 2620 1835 (quattuor
2647 1750 2885 1817 trifolia
2924 1752 3120 1836 alba),

198 1854 395 1937 pedeir
432 1854 781 1940 ystondard
826 1854 1149 1938 melynyon
1194 1852 1521 1938 (quattuor
1560 1850 1800 1917 vexilla
1838 1850 2036 1934 flava)
2087 1855 2142 1931 1,
2187 1851 2287 1917 30.
2333 1852 2394 1933 2,
2438 1853 2582 1918 218.

356 1958 413 2023 3.
456 1957 553 2021 At
594 1955 913 2021 adiectiva
953 1954 1268 2041 quaedam
1310 1963 1459 2040 post
1500 1952 1884 2019 substantivi
1915 1952 2222 2038 pluralem
2265 1952 2530 2020 formam
2557 1952 2822 2039 pluralis
2866 1954 3124 2021 omnino

206 2080 317 2123 non
356 2058 658 2139 induunt,
712 2058 781 2123 in
832 2057 934 2122 his
988 2064 1241 2143 praeter
1294 2054 1613 2141 simplicia
1668 2055 2010 2142 quaedam,
2051 2064 2124 2119 ut
2159 2076 2360 2121 mawr
2401 2056 2768 2141 (magnus),
2828 2068 2918 2121 teo
2963 2057 3120 2142 (for-

206 2158 455 2244 mosus),
504 2168 571 2225 et
598 2158 971 2245 composita,
1016 2156 1419 2245 potissimum
1452 2156 1739 2223 derivata
1764 2157 1833 2221 in
1863 2159 1972 2236 -io‚
2001 2178 2180 2237 -awc‚
2217 2158 2369 2221 -awl
2404 2157 2600 2244 (quae
2628 2160 2714 2244 pl.
2757 2160 3119 2241 formarent,

208 2260 253 2323 si
296 2259 631 2325 adderetur
672 2260 888 2342 flexio,
952 2264 1178 2349 -ἰρίοη,
1224 2282 1477 2349 -oqyon,
1525 2258 1797 2344 -olyovo,
1838 2258 2000 2335 -eid,
2055 2278 2134 2323 ac
2173 2260 2652 2327 terminationes
2706 2262 3118 2349 gradationis.

207 2360 531 2448 Exempla:
600 2363 845 2447 dynyon
888 2375 975 2427 tec
1018 2364 1303 2429 awelsam
1357 2364 1429 2425 ni
1482 2359 1633 2445 (viri
1686 2358 1946 2427 formosi
1990 2380 2150 2446 quos
2201 2359 2516 2447 vidimus)
2563 2364 2633 2444 2,
2681 2364 2821 2430 203.
2911 2366 3124 2453 llyqeit

210 2486 384 2525 macm-
424 2462 715 2548 laeboqeid
758 2464 957 2548 (oculi
1002 2464 1217 2551 magni
1262 2461 1653 2551 accipitrini)
1685 2462 1742 2539 2,
1778 2462 1922 2526 385.
1991 2481 2190 2525 arueu
2233 2472 2514 2549 trymyon
2557 2468 2877 2531 esu-onem
2917 2466 3124 2552 (arma

208 2565 409 2647 gravia
452 2564 822 2651 peregrina)
866 2568 927 2645 2,
979 2566 1119 2631 386.
1195 2566 1403 2651 lzyqeit
1442 2562 1835 2649 rudqochyon
1872 2566 2286 2647 ywennwym’c
2328 2563 2528 2648 (oculi
2569 2566 2744 2632 rubri
2787 2568 3120 2655 virulenti)

211 2668 257 2743 2,
300 2666 437 2729 388.
528 2666 879 2751 ἀὼρψμείη
927 2690 1102 2753 qur
1155 2688 1410 2731 aruawc
1463 2666 1735 2748 (clamor
1776 2662 2052 2728 virorum
2098 2667 2510 2753 armatorum)
2555 2668 2620 2749 2,
2668 2669 2808 2735 388.
2859 2655 3126 2737 'deudec

208 2765 445 2829 brenhin
490 2766 817 2852 arhuyeint
858 2768 1224 2833 ovrenhined
1264 2788 1577 2833 coronawc
1618 2764 1911 2851 (triginta
1941 2764 2066 2829 duo
2091 2788 2281 2852 reges
2310 2769 2626 2855 coronati)
2657 2770 2714 2851 3,
2747 2772 2889 2837 263.
2961 2776 3124 2839 mein

209 2866 583 2952 llyuqschedic
619 2870 1051 2953 ywymkuawr,
1096 2875 1263 2934 mein
1291 2868 1807 2933 maumam-thama
1836 2864 2223 2953 llywychedic
2265 2867 2542 2954 (lapides
2571 2870 2876 2956 pellucidi
2909 2874 3122 2960 magni

210 2966 407 3052 pretii)
439 2968 500 3049 3,
534 2968 678 3033 265.
745 2971 1033 3056 qweisson
1068 2972 1327 3053 doethaf
1358 2970 1568 3057 (pueri
1613 2968 2127 3055 prudentissimi)
2158 2970 2216 3051 3,
2248 2970 2392 3035 274.
2451 2970 2634 3055 ffaon
2661 2973 2887 3056 cochaf
2907 2975 3124 3060 (rosae

206 3068 611 3150 ruberrimae)
642 3072 702 3152 2,
746 3072 889 3137 218.
960 3073 1283 3157 ‚qwladoed
1324 3072 1529 3153 teccas
1546 3094 1587 3134 a
1611 3070 1982 3156 ywastattaf
2016 3070 2346 3156 (regiones
2387 3070 2850 3157 pulcherrimae
2894 3085 2960 3140 et
2987 3076 3124 3163 pla-

204 3170 529 3254 nissimae)
576 3172 633 3253 3,
680 3172 821 3236 264.
896 3174 1241 3240 Adiectiva
1290 3171 1647 3257 composita
1688 3192 1851 3257 quae
1897 3170 2162 3236 eandem
2203 3172 2466 3237 formam
2495 3182 2756 3239 servant
2781 3185 2930 3261 post
2953 3178 3124 3243 idem

208 3272 691 3353 substantivum,
738 3274 877 3339 sive
923 3284 1023 3341 est
1077 3274 1419 3361 singularis
1472 3272 1717 3338 numeri
1778 3271 1919 3337 sive
1963 3272 2262 3357 pluralis,
2317 3271 2539 3339 videas
2593 3274 2760 3339 inter
2811 3276 3128 3345 adiectiva

208 3374 515 3439 cumulata
567 3386 717 3461 post
760 3377 1159 3443 substantiva
1203 3398 1397 3461 supra
1442 3383 1783 3438 memorata
1824 3372 1918 3459 (p.
1964 3373 2138 3457 892).

357 3479 419 3539 4.
504 3474 601 3541 De
642 3477 1135 3561 comparationis
1182 3476 1484 3561 gradibus
1540 3475 1701 3539 haec
1753 3473 1887 3539 fere
1933 3486 2084 3540 sunt
2121 3474 2641 3541 memorabiliora.
2747 3478 3126 3564 Aequabilis

206 3576 605 3662 amplificatio
636 3598 792 3641 cam
810 3578 1025 3642 brice
1056 3576 1453 3662 significatur
1480 3575 1915 3673 superlativis:
1961 3576 2146 3661 uphei
2169 3576 2427 3662 valmf
2455 3580 2552 3641 vei
2573 3600 2618 3663 y
2644 3600 2787 3665 mys
2827 3580 2904 3663 es:
2933 3583 3134 3667 pellas

210 3680 371 3760 cydei
408 3680 623 3744 hitheu
660 3680 956 3765 ymtkaw
996 3678 1073 3763 ef
1110 3678 1208 3761 (et
1250 3700 1375 3763 quo
1418 3678 1621 3743 maior
1662 3686 1811 3747 erat.
1837 3676 2044 3763 ipsius
2089 3678 2434 3760 contentio,
2479 3700 2556 3743 eo
2597 3680 2895 3745 remotior
2935 3682 3130 3748 fiebat

208 3778 305 3843 illa
344 3781 423 3845 ab
466 3780 646 3867 ipso)
688 3779 861 3845 Mab.
909 3782 969 3859 3,
1018 3782 1113 3842 17.
1200 3804 1241 3841 a
1282 3780 1425 3865 plzei
1462 3779 1720 3863 vahaf
1747 3800 1791 3863 y
1835 3778 2028 3841 lladei
2063 3779 2138 3861 ef
2175 3780 2436 3865 ymaro-h
2478 3779 2550 3865 (y
2603 3780 2840 3865 varoli).
2920 3784 3135 3868 pellas

208 3882 370 3963 φάει·
408 3882 619 3945 hitheu
655 3882 953 3967 ywrtlmw
995 3880 1064 3957 ef
1099 3881 1197 3964 (et
1256 3903 1379 3967 quo
1425 3880 1627 3963 magis
1670 3880 1813 3964 ipse
1858 3879 2266 3946 exanimabat
2319 3904 2552 3968 equum
2596 3904 2807 3964 suum,
2867 3884 3022 3969 etc.)
3064 3886 3123 3966 3,

212 3983 297 4042 17.
346 3984 444 4047 18.
528 4004 719 4067 φοι-ρει
770 4006 869 4069 yw
907 3982 1153 4069 yeunyfi'
1193 3982 1300 4045 heb
1338 4004 1381 4065 y
1416 3982 1608 4065 pmyll
1649 3981 1718 4045 bo
1758 3981 1990 4065 kyntas
2033 3982 2140 4065 (eo
2204 3983 2432 4049 melius
2477 3984 2628 4049 mihi
2683 3984 2969 4067 videtur,
3027 3986 3123 4051 in-

208 4084 333 4165 quit
372 4082 480 4165 Ρ.,
528 4105 655 4169 quo
699 4084 875 4169 prius
930 4084 1032 4166 fit)
1088 4084 1156 4161 3,
1202 4084 1301 4147 20.
1391 4081 1732 4149 Cornice
1776 4082 1955 4147 item:
2001 4084 2258 4167 moyyha
2301 4098 2448 4167 3030
2491 4086 2643 4149 ‹iv-ok
2685 4110 2724 4150 a
2765 4106 2888 4149 wre
2925 4087 3129 4151 henna

212 4198 343 4265 ’νῆα
396 4209 481 4249 an
532 4186 737 4269 quella
787 4208 957 4270 ymas
1010 4184 1165 4270 (quo
1224 4184 1426 4269 magis
1484 4207 1625 4249 eum
1684 4184 1983 4262 vexabat,
2033 4205 2110 4247 eo
2157 4182 2378 4249 melior
2419 4208 2578 4273 puer
2619 4187 3126 4273 existimabatur)

210 4284 273 4349 P.
308 4289 445 4367 112,
478 4289 539 4351 4.
617 4284 859 4353 Contra
902 4286 1339 4351 aremorice
1384 4284 1834 4371 comparativis
1865 4285 2288 4370 praecedente
2315 4287 2476 4351 seul:
2519 4288 2650 4351 seul
2673 4310 2820 4375 may
2847 4312 3026 4355 oarse
3066 4312 3130 4355 so

210 4412 245 4449 a
292 4389 501 4473 pechet
551 4388 681 4450 seul
743 4410 891 4473 may
936 4410 1106 4474 poan
1158 4408 1329 4451 racse
1378 4409 1443 4450 εο
1498 4386 1651 4449 dleet
1702 4388 1859 4471 (quo
1914 4384 2059 4471 plus
2113 4385 2306 4470 igitur
2349 4398 2448 4453 est
2489 4392 2769 4474 peccati,
2811 4414 2886 4457 eo
2927 4392 3130 4459 maior

214 4510 405 4571 poena
442 4488 591 4554 ideo
636 4488 929 4574 debetur)
973 4486 1109 4553 MJ.
1155 4490 1277 4553 68⁶.

364 4590 639 4677 Propria
680 4611 838 4655 cam
852 4590 971 4655 bri
987 4610 1123 4655 cae
1166 4587 1419 4655 dialecti
1461 4587 1661 4655 forma
1689 4587 2095 4673 aequalitatis
2123 4598 2234 4653 aut
2261 4592 2661 4676 componitur
2688 4614 2832 4659 cum
2860 4617 3130 4683 praepo-

119 4768 121 4771 *
212 4692 433 4759 sitione
476 4716 646 4778 cym,
692 4714 793 4777 ey·
840 4692 932 4777 (p.
979 4691 1119 4755 300.
1170 4690 1349 4773 902),
1398 4712 1585 4775 quam
1623 4691 1886 4756 formam
1934 4691 2346 4776 compositam
2375 4694 2662 4779 sequitur
2701 4718 2794 4773 ac,
2837 4705 2947 4761 aut
2974 4698 3128 4762 sim-

119 4828 121 4840 =
210 4794 343 4879 plex
386 4794 729 4860 adhibetur
770 4792 961 4879 plane
1006 4793 1227 4858 eodem
1272 4791 1457 4857 modo
1503 4814 1627 4877 quo
1672 4790 1741 4856 in
1784 4791 2016 4857 ceteris
2059 4792 2298 4876 linguis
2342 4793 2760 4863 substantiva.
2848 4795 2940 4862 Ut
2997 4820 3128 4863 non

212 4896 381 4959 modo
425 4901 796 4962 constructa
840 4916 979 4959 cum
1028 4893 1249 4958 verbo:
1308 4892 1573 4975 awelydi
1626 4892 1873 4977 dwcltet
1911 4914 1954 4977 y
1994 4892 2336 4977 yfflauann
2377 4893 2674 4977 (videsne
2713 4904 2782 4961 tu
2825 4898 3128 4964 malitiam

123 4992 126 4997 ’
214 4995 489 5079 iniuriae,
538 5020 729 5085 quam
772 4997 939 5061 mala
980 4996 1065 5059 sit
1108 4994 1339 5059 iniuria
1355 4994 1413 5074 Ρ)
1444 4992 1615 5059 Mab.
1668 4996 1723 5072 l,
1769 4994 1912 5057 267.
1986 5015 2062 5055 ac
2103 4994 2231 5055 mal
2267 5016 2310 5077 y
2355 4995 2602 5059 llatlirei
2639 5012 2876 5079 wynnet
2912 5022 2957 5083 y
2997 5022 3128 5065 cum

127 5164 129 5167 ,
209 5098 513 5181 yllatltrei
536 5099 737 5163 cochet
760 5122 805 5183 y
837 5098 1059 5161 elumen
1093 5093 1191 5178 (et
1232 5093 1401 5159 sicut
1442 5094 1757 5160 candebat
1798 5094 1980 5161 albor
2021 5114 2266 5175 canum,
2311 5094 2596 5181 fulgebat
2623 5100 2814 5163 rubor
2853 5100 3127 5184 aurium)

127 5184 129 5199 Ε
208 5196 276 5283 3,
316 5200 373 5265 8.
462 5223 539 5265 ac
584 5224 715 5287 yna
764 5209 1251 5284 ymessurassant
1304 5208 1543 5281 wynteu
1597 5196 1703 5279 ἠμί
1745 5218 1855 5259 nos
1895 5196 2068 5259 vachet
2107 5218 2150 5279 y
2189 5218 2340 5280 quer
2395 5196 2490 5281 (et
2540 5206 2670 5261 tum
2724 5202 2924 5267 mensi
2982 5212 3132 5267 sunt

2623 5316 2722 5371 59·
