3717 5642
1300 469 1682 526 rumano
1723 471 2081 526 atrorem.
2486 455 2687 524 (XXV-
2710 455 2926 522 XXVI)
2992 453 3162 524 XIX

241 665 294 729 p.
324 642 450 708 954
492 639 692 710 huius
739 642 960 728 operis
1003 653 1068 708 et
1108 643 1276 711 Boll.
1319 645 1510 712 Febr.
1555 647 1614 726 2,
1647 645 1840 730 363),
1890 661 1955 712 et
1996 643 2393 722 Aventinus,
2454 643 2563 729 qui
2605 643 2727 708 fuit
2766 643 3166 712 Ratisbonae

245 763 380 818 aute
421 753 918 820 destructionem
963 756 1336 822 monasterii
1399 765 1464 822 et
1508 755 1744 822 viderit
1787 756 2045 824 codices
2088 753 2401 834 Mariani,
2460 775 2603 820 eum
2648 753 2819 836 dicat
2860 763 3043 842 poet
3056 778 3166 820 am

247 873 302 926 et
337 861 714 950 theologum
757 863 1072 949 insignem
1117 865 1248 948 (ed.
1293 865 1560 952 Iugolst.
1605 889 1664 954 p.
1697 865 1875 949 553).
1959 864 2129 930 Num
2172 864 2326 951 quid
2370 875 2435 928 et
2476 864 2545 928 in
2574 863 2721 930 aliis
2766 866 3167 932 monasteriis

249 973 570 1058 regionum
623 973 1146 1040 Danuvianarum
1203 975 1404 1040 latent
1458 975 1716 1042 codices
1771 976 2177 1042 continentes
2246 973 2535 1041 carmina
2589 975 2969 1044 hibernica?
3064 975 3167 1042 De

253 1083 560 1149 industria
601 1081 878 1150 Mariani
925 1085 994 1148 in
1039 1085 1398 1151 scribendis
1437 1085 1622 1152 libris
1666 1094 1889 1152 auctor
1931 1085 2119 1150 Vitae
2163 1084 2333 1162 eius,
2374 1083 2705 1152 Hibernas
2752 1086 2937 1152 etiam
2958 1137 2973 1167 ‚
3037 1111 3169 1154 mo-

247 1192 478 1258 nachus
522 1191 1040 1276 Ratisbonensis,
1087 1196 1196 1282 qui
1241 1195 1427 1282 plura
1467 1203 1700 1278 narrat,
1745 1205 1818 1261 ut
1856 1196 1999 1282 ipse
2044 1194 2219 1276 dicit,
2280 1187 2495 1280 ‘prout
2536 1194 2689 1260 mihi
2734 1207 2919 1281 pater
2959 1197 3167 1278 Isaac,

249 1303 346 1388 qui
384 1311 649 1369 centum
692 1313 757 1371 et
797 1304 1026 1390 viginti
1071 1305 1256 1371 annis
1301 1305 1577 1388 vixerat,
1635 1305 1774 1372 eius
1821 1313 2421 1391 contemporaneus,
2474 1315 2539 1372 et
2598 1306 2707 1392 qui
2750 1309 2869 1373 sub
2911 1329 3031 1374 sua
3072 1309 3169 1374 di·-

249 1411 518 1478 rectione
562 1423 630 1478 et
655 1413 1026 1480 obedientia
1065 1415 1354 1501 degebat,
1403 1437 1598 1502 saepe
1625 1407 1977 1495 referebat’,
2021 1414 2183 1482 haec
2225 1413 2381 1480 dicit
2424 1412 2613 1498 (Boll
2646 1414 2831 1482 Febr.
2883 1419 2940 1498 2,
2976 1419 3165 1504 367)·

245 1513 528 1587 ‘Tantam
573 1523 896 1590 scribendi
939 1525 1206 1610 gratiam
1243 1525 1322 1591 Β.
1369 1523 1664 1592 Mariano
1705 1525 1927 1592 divina
1966 1524 2367 1612 providentia
2408 1525 2690 1607 contulit,
2757 1527 2933 1612 quod
2972 1529 3174 1596 multa

255 1653 322 1696 ac
363 1632 618 1717 prolixa
659 1632 990 1699 volumina
1031 1635 1242 1701 veloci
1283 1636 1528 1702 calamo
1557 1635 2027 1723 perscripserit.
2112 1633 2295 1713 Nam,
2340 1644 2409 1699 ut
2431 1636 2747 1702 veraciter
2772 1637 2985 1704 dicam
3028 1640 3171 1705 sine

255 1743 416 1806 omni
457 1742 610 1808 fuco
653 1744 1010 1826 verborum,
1055 1744 1222 1811 inter
1263 1745 1480 1812 omnia
1521 1756 1736 1832 gesta,
1798 1767 1963 1832 quae
2006 1744 2227 1810 divina
2267 1743 2705 1812 misericordia
2744 1769 2861 1832 per
2904 1747 3173 1816 eundem

255 1853 446 1916 virum
491 1853 746 1940 operari
792 1853 1052 1939 dignata
1093 1865 1209 1937 est,
1255 1855 1458 1942 magis
1501 1855 1690 1922 laude
1739 1865 1805 1922 et
1845 1854 2263 1922 admiratione
2306 1853 2570 1940 dignum
2612 1854 2825 1922 iudico
2870 1867 2935 1924 et
2976 1859 3173 1924 admi-

253 1983 391 2029 rans
419 1963 720 2043 admiror,
765 1965 940 2049 quod
981 1964 1154 2030 idem
1193 1965 1380 2031 homo
1425 1975 1686 2031 sanctus
1730 1973 1917 2031 vetus
1962 1973 2029 2031 et
2052 1985 2293 2030 novum
2320 1973 2785 2046 testamentum,
2830 1987 2973 2032 cum
3002 1989 3171 2034 com-

253 2073 572 2139 mentariis
637 2073 1044 2162 expositoriis
1109 2075 1436 2142 codicibus
1493 2075 1836 2142 eorundem
1884 2073 2185 2142 librorum
2199 2123 2215 2154 ,
2284 2095 2415 2140 non
2470 2075 2666 2142 semel
2716 2097 2841 2143 nec
2896 2075 2999 2145 bis
3058 2077 3173 2144 sed

253 2203 702 2269 saepenumero
747 2195 1010 2250 aeterna
1049 2207 1166 2270 pro
1195 2186 1492 2253 mercede
1533 2185 1602 2249 in
1641 2183 1820 2250 tenui
1864 2183 2087 2250 habitu
2130 2192 2196 2249 et
2236 2183 2455 2250 subtili
2484 2185 2659 2251 victu
2704 2205 2848 2252 cum
2898 2188 3173 2274 propriis

250 2289 542 2360 stan-ibus
585 2293 745 2376 suis,
789 2295 902 2380 qui
944 2317 1335 2382 pergamena
1377 2295 1704 2382 parabant,
1751 2293 2026 2374 adiutus,
2072 2293 2335 2380 propria
2360 2315 2551 2360 manu
2580 2295 2975 2382 perscripsit.
3038 2295 3173 2363 Eo·

251 2401 388 2467 dem
437 2425 692 2490 quoque
733 2413 1020 2491 tempore
1073 2405 1304 2472 multos
1347 2405 1598 2470 libellos
1641 2404 1963 2490 multaque
2018 2403 2340 2470 manualia
2379 2405 2685 2491 psalteria
2734 2405 2949 2472 viduis
3008 2407 3175 2472 indi·

251 2511 546 2596 gentibus
589 2533 670 2578 ac
713 2513 966 2580 clericis
1010 2515 1404 2601 pauperibus
1449 2515 1738 2581 eiusdem
1781 2513 2063 2580 civitatis
2106 2535 2223 2601 pro
2250 2514 2531 2580 remedio
2560 2515 2809 2582 animae
2850 2537 3007 2582 suae
3034 2515 3177 2582 sine

245 2621 380 2688 ulla
436 2645 552 2709 spe
607 2624 844 2689 terreni
891 2635 1194 2711 quaestus
1235 2624 1724 2712 scriptitaverat.
1810 2622 2155 2690 Praeterea
2207 2623 2443 2690 multae
2502 2624 3177 2710 congregationes

245 2732 587 2799 monastici
647 2733 922 2816 ordinis,
979 2755 1144 2820 quae
1185 2736 1312 2801 fide
1367 2745 1430 2801 et
1471 2734 1734 2800 caritate
1789 2755 1868 2802 ac
1918 2734 2273 2802 imitatione
2326 2733 2401 2802 Β.
2447 2733 2723 2800 Mariani
2766 2733 3177 2800 derivatae

245 2840 335 2906 de
376 2841 696 2909 finibus
737 2842 1190 2910 Hiberniae
1231 2843 1646 2912 Bavariam
1695 2825 1776 2912 et
1814 2843 2343 2912 Franconiam
2402 2843 2991 2932 peregrinando
3046 2844 3176 2910 in-

241 2947 636 3035 habitant,
683 2975 777 3018 ex
817 2953 1094 3020 maiori
1138 2965 1360 3042 parte
1403 2954 1740 3041 scriptis
1773 2953 2219 3026 B.,Mariani
2260 2945 2743 3021 fulciuntur.‘
2838 2951 3005 3020 Eum
3036 2977 3169 3021 non

241 3061 448 3126 solum
495 3061 599 3129 die
643 3062 760 3130 sed
789 3063 980 3130 etiam
1021 3075 1212 3131 nocte
1253 3065 1452 3132 libros
1497 3087 1652 3132 suos
1694 3065 1977 3132 scribere
2008 3063 2261 3130 solitum
2288 3063 2507 3146 fuisse,
2550 3074 2680 3131 tam
2720 3061 2977 3148 glossae
3006 3087 3171 3130 mar-

239 3169 492 3252 ginales
531 3171 900 3238 hibernicae
955 3173 1198 3242 codicis
1242 3174 1764 3242 vindobonensis
1807 3174 2121 3256 indicant,
2179 3195 2367 3260 quam
2410 3182 2633 3240 auctor
2676 3171 2867 3240 Vitae
2928 3173 3007 3239 de
3048 3173 3173 3242 hac

237 3301 302 3343 re
350 3282 734 3348 miraculum
777 3283 1122 3348 lucentium
1168 3284 1504 3370 digitorum
1533 3279 1800 3352 narrans
1843 3283 2080 3352 diserte
2109 3285 2395 3350 affirmat.
2458 3283 2783 3366 Sociorum
2814 3282 2955 3350 eius
2984 3307 3169 3366 unus,

240 3385 569 3473 Clemens,
633 3384 1114 3479 ‘Ierosolymam
1160 3394 1442 3481 perrexit
1481 3393 1842 3481 ibidemque
1885 3394 2081 3462 vitam
2124 3394 2191 3460 in
2232 3415 2394 3481 pace
2436 3383 2685 3473 finivit',
2750 3393 2912 3460 alter
2938 3393 3171 3460 Iohan-

235 3519 348 3566 nes
419 3492 528 3567 ‘B.
573 3501 938 3568 Marianum
977 3526 1286 3591 carosque
1329 3505 1728 3592 propinquos
1771 3515 2067 3572 aeternae
2111 3504 2281 3570 vitae
2326 3503 2641 3570 desiderio
2684 3503 2987 3570 deserens
3018 3503 3172 3570 Cot-

233 3609 534 3676 novicum
577 3611 756 3696 (hod.
805 3611 1198 3701 Gottweich)
1255 3614 1516 3680 intravit
1557 3615 1626 3680 in
1665 3615 1961 3696 Austris,
2024 3623 2087 3682 et
2128 3615 2381 3681 artioris
2426 3613 2807 3699 disciplinae
2864 3613 3035 3680 viam
3074 3614 3174 3678 in-

233 3719 544 3802 grediens
603 3743 674 3788 se
729 3721 1004 3788 includi*
1051 3724 1294 3794 ibidem
1345 3716 1531 3790 fecit?
1621 3722 1726 3790 De
1769 3723 2058 3810 Lagonia
2098 3723 2307 3812 patria
2358 3733 2423 3790 et
2465 3723 2841 3810 episcopatu
2884 3721 3172 3790 Glenda-

231 3825 532 3897 lochensi
565 3831 680 3913 (cf.
713 3831 882 3898 Boll.
911 3831 1098 3900 Febr.
1133 3837 1194 3916 2,
1225 3835 1368 3900 834.
1413 3833 1554 3900 Iun.
1593 3838 1644 3915 1,
1677 3835 1827 3914 3103
1873 3833 2527 3901 Duncalidoniensem
2554 3832 2935 3900 monachum
2980 3842 3173 3900 antea

227 3936 379 4004 ficit
423 3963 579 4006 eum
621 3939 791 4007 Dav.
840 3938 1278 4026 Camerarius,
1322 3943 1486 4010 Boll.
1531 3942 1718 4009 Febr.
1749 3945 1814 4026 2,
1847 3942 2005 4028 364)
2058 3951 2231 4010 tacet
2268 3943 2439 4010 idem
2482 3940 2829 4009 monachus
2870 3939 3173 4009 Ratisbo-

230 4049 458 4116 nensis
507 4049 848 4118 Hibernas
869 4102 888 4134 ,
943 4061 1008 4118 et
1045 4051 1406 4120 Marianum
1453 4077 1533 4119 ex
1575 4053 2055 4140 aquilonaribus
2106 4053 2397 4139 partibus
2439 4051 2793 4118 Hiberniae
2836 4051 3171 4120 oriundum

229 4157 418 4241 dicit,
495 4161 938 4248 oriundosque
993 4185 1073 4228 ex
1127 4162 1334 4230 isdem
1381 4163 1752 4250 regionibus
1815 4185 1932 4229 sex
1998 4183 2411 4230 successores
2429 4209 2449 4246 ,
2517 4161 2856 4250 septimum
2922 4162 3176 4228 demum

355 4433 384 4458 ·
431 4432 526 4485 De
563 4430 738 4486 ordino
771 4434 1084 4488 inclusorum
1128 4436 1217 4505 pia
1253 4439 1506 4488 tormenta
1537 4435 1780 4488 Indorum
1827 4437 2107 4502 superante
2144 4437 2535 4488 monumentum
2580 4435 2841 4486 vetustum
2892 4435 3175 4484 memoratu

231 4521 278 4567 et
315 4517 459 4572 lectu
501 4521 654 4570 certe
685 4519 900 4589 dignum
935 4519 1084 4574 offert
1117 4520 1352 4574 Raderus
1387 4521 1444 4573 in
1479 4519 1696 4573 Bavaria
1729 4523 1911 4572 sancta
1946 4523 1995 4581 3,
2026 4523 2137 4570 115.
2196 4517 2450 4572 Addenda
2482 4523 2609 4570 sunt
2640 4519 2739 4578 his,
2776 4533 2908 4586 quae
2942 4521 3178 4571 vetustus

227 4604 448 4672 scriptor
510 4605 586 4657 de
623 4604 862 4658 Findano
893 4605 1070 4668 Scoto,
1116 4606 1206 4674 qui
1239 4605 1430 4658 dicimr
1459 4601 1736 4667 'reclusus‚
1783 4605 1838 4656 in
1874 4605 2129 4660 artissimo
2172 4604 2279 4656 loco
2312 4602 2556 4656 inclusus*
2624 4603 2765 4671 apud
2810 4603 3177 4657 monasterium

231 4685 592 4760 Rinaugiense
635 4690 776 4742 circa
808 4705 854 4742 a.
893 4695 994 4743 800
1037 4693 1092 4742 et
1132 4690 1196 4743 de
1231 4693 1436 4743 austero
1469 4689 1581 4744 eius
1617 4689 1820 4744 vivendi
1868 4689 2019 4742 modo
2058 4691 2239 4742 narrat
2287 4687 2535 4752 (Goldast.
2570 4688 2758 4756 Script.
2806 4703 2903 4742 rer.
2939 4689 3089 4744 alam.
3136 4696 3176 4753 l,

229 4778 354 4839 205).
429 4775 544 4829 Per
583 4779 654 4830 30
689 4789 854 4828 annos
903 4771 1206 4844 ‘spontanee
1241 4773 1458 4830 clausus=
1517 4773 1774 4828 Eusebius
1805 4774 1994 4828 Scotus
2027 4775 2085 4828 in
2118 4779 2291 4828 monte
2314 4773 2377 4864 S.
2416 4773 2641 4829 victoris
2690 4773 2823 4826 vixit
2854 4774 3029 4828 eodem
3068 4789 3177 4828 sae-

231 4861 340 4917 culo
371 4867 616 4918 exeunte
649 4859 842 4926 (Perta.
879 4867 926 4924 ·2,
951 4864 1054 4926 73).
1126 4860 1413 4914 Praecessit
1443 4861 1728 4914 Marianum
1764 4861 2003 4914 abbatem
2037 4861 2195 4914 etiam
2230 4827 2414 4914 Scotus
2448 4859 2819 4913 Ratisbonae
2830 4860 2891 4912 in
2924 4860 3179 4928 superiori

233 4950 546 5002 mmmm-io
587 4943 836 5000 reclusus
874 4947 1231 5000 liuroheratus
1265 4947 1346 4999 vel
1378 4946 1865 5000 Iuricherodacbus
1898 4945 2031 5010 (Boll
2066 4945 2217 4998 Febr
2239 4951 2286 5008 2,
2322 4947 2437 4998 364.
2464 4947 2589 5007 368;
2650 4943 2847 4998 hibern.
2888 4941 3177 4996 Mustelae·-

233 5033 396 5102 mela),
429 5035 648 5092 Fuldae
679 5033 972 5086 larianum
1007 5032 1452 5100 chronographum
1485 5031 1674 5084 Scotus
1707 5031 1943 5085 inclusus
1976 5031 2297 5086 Animcadus
2344 5031 2561 5096 (hibern.
2598 5027 2932 5093 Animclaath)
2946 5067 2960 5093 ,
2996 5034 3052 5081 et
3082 5029 3177 5084 Pa·

231 5121 552 5176 &rbi-ennae
605 5120 744 5174 idem
791 5119 1054 5172 Uotienus
1099 5121 1277 5187 postes
1325 5119 1450 5172 item
1494 5117 1728 5172 inclusus
1773 5118 2007 5172 visitavit
2050 5117 2345 5186 sepulcrum
2391 5115 2532 5170 Scoti
2582 5114 2793 5169 Paterni
2827 5115 3050 5182 inclusi,
3086 5117 3179 5184 qui

227 5205 474 5266 ‘nubieus
511 5209 834 5270 martirium,
889 5208 945 5258 in
977 5221 1074 5257 sua
1107 5206 1334 5258 clausola
1384 5205 1502 5272 igue
1534 5206 1766 5256 consumi
1803 5220 1860 5256 se
1894 5221 2080 5272 passus
2115 5212 2194 5258 est
2228 5204 2313 5267 (cf.
2342 5203 2559 5256 Mariani
2594 5203 2759 5270 ipsius
2782 5201 3059 5274 chronicon
3094 5220 3179 5272 ap.

233 5293 392 5352 PCR.
425 5303 480 5360 ‘1,
520 5297 650 5350 557.
687 5295 825 5356 558).
